2248 3646
878 272 1222 317 Praefatio.
1857 258 1953 308 VH

146 443 646 511 Montepessulanum
674 432 991 487 uoluminum
1016 424 1420 480 Cluniacensium
1445 421 1674 478 alterum,
1690 414 1730 483 1)
1757 413 1954 464 Floren-

148 534 311 584 tinum
339 528 399 580 N
421 530 690 587 utrumque
719 519 833 570 inde
862 517 1037 582 liquet,
1070 512 1204 578 quod
1233 510 1402 575 ipsum
1433 520 1565 565 eum,
1598 516 1747 567 quem
1769 497 1958 549 indicat

149 620 300 669 uetus
361 612 636 677 catalogue,
696 603 949 656 continent
1004 599 1246 650 librorum
1304 605 1582 644 numerum.
1647 582 1962 650 reperiuntur

151 702 283 753 enim
333 701 384 751 in
421 691 863 758 Montepessulano
917 690 967 737 et
1002 681 1278 735 Florentini
1319 678 1382 729 N
1415 678 1554 742 parte
1592 673 1752 738 priore
1790 667 1962 718 decem

149 786 264 838 libri
301 779 591 835 Tertulliani
630 779 680 828 et
714 771 1076 839 Apoloyeticzw,
1113 769 1164 818 in
1201 765 1341 831 parte
1379 759 1652 828 posteriore
1688 749 1965 805 Florentini

151 871 213 922 N
242 867 595 935 septendecim,
647 863 720 912 ita
770 862 828 910 ut
869 858 967 908 iste
1013 853 1166 905 codex
1207 851 1407 917 plenam
1453 849 1502 896 et
1536 845 1784 907 integram
1819 835 1964 888 nobis

152 956 382 1007 uideatur
431 950 664 1017 praebere
715 940 972 1007 archetypi
1018 933 1358 990 cluniacensis
1402 929 1688 995 imaginem.
1731 937 1852 973 num
1905 918 1967 970 ad

154 1040 367 1092 eundem
417 1037 606 1087 fontem
649 1030 853 1082 redeant
896 1024 1075 1089 reliqui
1115 1020 1328 1080 codices,
1377 1007 1864 1067 Paterniacensis
1919 1006 1969 1054 et

155 1141 280 1191 quae
317 1122 570 1190 pe1ierunt
606 1114 866 1167 uolumina
909 1105 1387 1174 Hirsaugiensia‚
1442 1114 1653 1167 quorum
1698 1092 1969 1158 imaginem

154 1210 298 1262 nobis
350 1206 500 1257 hodie
545 1201 750 1269 praebet
786 1193 1176 1248 Florentinus
1214 1187 1335 1257 F,2)
1389 1201 1479 1238 suo
1516 1184 1626 1234 iure
1666 1175 1973 1230 dubitauerit

156 1295 357 1360 aliquis,
411 1290 527 1356 quia
576 1288 626 1337 in
678 1284 782 1335 illis
836 1287 887 1333 et
928 1280 1055 1330 liber
1099 1273 1448 1341 Apoloyetieas
1493 1268 1689 1320 omnino
1738 1264 1881 1314 deest
1924 1262 1974 1309 et

157 1382 242 1432 alii
286 1378 401 1429 libri
445 1376 541 1426 alio
590 1370 885 1423 exhibentur
931 1365 1116 1425 ordine,
1161 1365 1219 1413 ut
1255 1357 1501 1411 relucebit
1545 1370 1603 1405 ex
1639 1351 1813 1402 tabula
1847 1346 1974 1397 infra

157 1461 456 1532 apposita.3)
495 1458 583 1510 sed
620 1454 992 1520 Apoloyeticum
1019 1449 1208 1500 librum
1247 1445 1444 1498 omnino
1491 1440 1709 1491 alienum
1755 1448 1867 1485 esse
1913 1431 1972 1480 ab

230 1658 257 1711 1)
291 1658 402 1710 Quin
425 1651 825 1707 Montepessulanus
849 1647 951 1689 olim
975 1642 1207 1687 secundum
1228 1636 1429 1680 habuerit
1451 1633 1650 1675 uolumen
1673 1640 1768 1669 meo
1795 1621 1966 1678 quidem

158 1731 316 1774 iudicio
347 1742 431 1770 non
460 1726 606 1780 potest
637 1719 840 1763 dubitari.
871 1717 923 1759 de
952 1716 1033 1758 hac
1062 1727 1107 1756 re
1140 1710 1323 1766 amplius
1351 1706 1464 1748 infra
1492 1718 1533 1758 p.
1563 1701 1698 1746 XXII.

231 1801 264 1854 2)
297 1800 350 1844 cf.
380 1796 602 1840 Kritische
638 1791 921 1835 Vorarbeiten
951 1802 990 1842 p.
1021 1786 1146 1829 4—-7,

233 1901 263 1953 3)
339 1898 509 1943 Codex
536 1891 879 1936 Florentinus
910 1888 960 1930 N
1221 1881 1389 1926 Codex
1419 1874 1765 1919 Florentinus
1795 1869 1841 1912 F

482 1970 609 2022 (saec.
640 1964 753 2015 X.V):
1401 1953 1527 2002 (saec.
1552 1945 1671 1997 XV):

161 2059 230 2100 De
256 2054 479 2111 patientia
1070 2043 1139 2086 De
1169 2053 1300 2084 carne
1333 2035 1497 2080 Christi

163 2130 231 2171 De
261 2139 392 2170 carne
424 2122 588 2167 Christi
1074 2115 1143 2157 De
1173 2111 1322 2156 carnis
1349 2105 1662 2151 resurrectione

164 2200 232 2242 De
263 2198 409 2241 carnis
437 2192 745 2237 resurrectione
1075 2186 1144 2228 De
1174 2195 1339 2226 corona
1366 2178 1522 2221 militis

162 2271 389 2313 Aduersus
419 2269 644 2309 Praxeam
1076 2257 1151 2299 Ad
1179 2258 1402 2306 martyras

163 2342 390 2386 Aduersus
427 2335 766 2380 Valentinianos
1077 2329 1146 2371 De
1168 2322 1452 2381 paenitentia

166 2413 393 2456 Aduersus
423 2404 698 2452 Marcionem
730 2403 831 2447 libri
869 2401 908 2444 V
1078 2400 1147 2441 De
1175 2394 1422 2450 uirginibus
1451 2389 1656 2433 metandis

167 2482 511 2538 (Apozoyeticas)
1079 2471 1148 2513 De
1177 2467 1332 2510 habita
1360 2461 1563 2506 muliebri

1076 2542 1146 2583 De
1175 2539 1296 2581 cultu
1316 2535 1591 2590 feminarum

170 2627 237 2669 De
258 2626 376 2679 fuya
1083 2612 1157 2654 Ad
1186 2622 1362 2652 uxorem
1396 2605 1497 2648 libri
1525 2603 1588 2644 II

171 2698 246 2740 Ad
276 2695 516 2748 Scapulam
1081 2684 1149 2726 De
1171 2679 1472 2735 persecutione
1502 2677 1577 2727 (.--:
1610 2672 1661 2714 de
1682 2671 1822 2725 fuya)

172 2769 240 2811 De
270 2780 433 2814 corona
461 2763 614 2806 militis
1085 2753 1161 2795 Ad
1190 2750 1431 2803 Scapulam

173 2839 248 2883 Ad
275 2841 495 2891 martyras
1082 2825 1151 2867 De
1180 2820 1479 2865 exhortatione
1508 2814 1726 2859 castitatis

172 2911 242 2953 De
263 2906 541 2963 paenitentia
1086 2897 1155 2938 De
1184 2889 1462 2945 monogamia

175 2983 244 3024 De
274 2979 520 3033 uiryinibns
548 2974 753 3018 uelandis
1088 2967 1158 3009 De
1181 2964 1328 3019 pallio

180 3052 249 3095 De
279 3050 435 3093 habitu
463 3046 667 3091 muliebri

180 3123 249 3166 De
279 3122 401 3164 cultu
420 3119 694 3175 feminarum
1089 3108 1158 3150 De
1180 3103 1407 3160 patientia
1438 3101 1507 3143 clei

178 3195 247 3237 De
276 3191 578 3236 exhortatione
608 3187 827 3230 castitatis
1090 3179 1316 3221 Aduersus
1345 3175 1566 3216 Praxeam

180 3265 254 3307 Ad
282 3276 460 3306 uxorem
490 3259 593 3303 libri
623 3259 685 3300 II
1091 3250 1316 3294 Aduersus
1354 3243 1692 3288 Valentinianos

181 3336 249 3378 De
278 3334 554 3389 monoyamia
1093 3322 1318 3363 Aduersus
1347 3315 1622 3359 Marcionem

182 3407 250 3449 De
273 3406 419 3460 pallio
1092 3392 1316 3434 Aduersus
1345 3387 1536 3430 Iudaeos
