2248 3646
94 1212 130 1242 10

96 1640 132 1668 15

92 2064 132 2095 20

508 266 603 308 VII.
638 265 901 306 Aduersus
933 265 1245 306 Marcionem
1277 264 1350 305 lib.
1383 263 1427 305 ΙΙ
1459 264 1609 305 9-10,
1876 267 1977 316 349

164 428 307 484 lum,
370 423 771 488 onychinum.
834 424 894 470 et
948 436 1096 470 auro
1150 421 1428 483 replesti
1481 421 1709 470 horrea
1758 424 1867 470 tua
1922 425 1981 471 et

163 510 698 560 thesaur-ostuos
737 521 802 554 ex
824 520 941 568 qua
973 504 1071 553 die
1113 503 1414 553 conditus
1449 519 1529 563 es,
1563 519 1697 553 cum
1731 504 1978 555 Cherub

161 593 442 657 imposui
491 594 552 641 te
598 592 655 640 in
712 592 921 639 monte
975 591 1200 638 sancto
1256 589 1369 647 dei,
1426 589 1619 639 fuisti
1666 590 1725 638 in
1773 591 1977 640 medio

160 679 449 742 lapidum
501 677 851 742 igneorum.
912 674 1109 724 fuisti
1161 674 1709 738 inuituperabilis
1755 675 1813 724 in
1862 675 1980 725 die-

161 765 277 813 bus
323 763 475 823 tuis,
524 777 589 811 ex
638 776 752 826 qua
800 760 900 809 die
948 760 1249 809 conditus
1298 775 1377 819 66,
1427 759 1623 809 donec
1677 761 1980 810 inuentae

160 851 306 899 sunt
343 849 647 898 laesurae
686 849 856 895 tuae:
913 844 981 894 de
1020 844 1449 894 multitudine
1497 845 1979 909 negotiationis

159 932 308 985 >tuae
355 947 609 998 promas
656 934 802 980 tuas
849 929 1126 994 replesti
1175 936 1234 979 et
1280 926 1648 993 deliquisti,
1704 933 1752 980 et
1799 932 1979 990 cetera,

160 1035 285 1083 quae
325 1019 385 1069 ad
426 1017 836 1083 suggillationem
868 1015 1052 1080 angeli,
1092 1030 1188 1064 non
1228 1014 1288 1064 ad
1326 1015 1465 1064 1111116
1504 1015 1742 1079 principis
1782 1016 1977 1079 proprie

157 1104 404 1169 pertinere
435 1103 762 1152 manifestum
795 1104 872 1150 est
904 1116 976 1161 eo,
1018 1100 1153 1162 quod
1186 1115 1329 1150 nemo
1370 1100 1628 1150 hominum
1668 1100 1719 1149 in
1749 1100 1979 1164 paradiso

164 1191 242 1240 dei
280 1192 427 1239 natus
476 1189 559 1247 sit,
607 1203 666 1236 ne
704 1187 813 1251 ipse
854 1185 1056 1250 quidem
1093 1185 1271 1245 Adam,
1321 1186 1594 1234 translatus
1633 1185 1802 1250 potius
1840 1185 1979 1243 illuc,

163 1291 252 1325 nec
298 1257 412 1325 cum
461 1273 657 1324 Cherub
703 1272 973 1336 impositus
1019 1265 1069 1320 in
1115 1273 1281 1320 monte
1329 1273 1499 1319 sancto
1555 1270 1648 1330 dei,
1702 1270 1753 1319 id
1806 1273 1883 1320 est
1929 1272 1978 1319 in

165 1361 477 1411 sublimitate
510 1358 733 1418 caelesti,
774 1358 833 1407 de
865 1372 962 1421 qua
994 1358 1198 1407 satanan
1231 1356 1462 1406 dominus
1496 1371 1692 1420 quoque
1732 1355 1976 1406 decidisse

165 1448 395 1506 testatur,
435 1460 524 1494 nec
555 1445 683 1494 inter
712 1443 904 1508 lapides
944 1442 1118 1508 igneos
1160 1442 1461 1501 demoratus,
1500 1441 1630 1490 inter
1668 1443 1976 1506 gemmantes

166 1531 385 1580 siderum
432 1529 714 1578 ardentium
759 1527 938 1588 radios,
984 1527 1113 1576 unde
1161 1527 1311 1576 etiam
1359 1526 1499 1588 quasi
1545 1526 1716 1591 fulgur
1755 1526 1977 1576 deiectus

168 1620 243 1665 est
303 1619 516 1665 satanas
588 1614 676 1664 sed
722 1614 831 1678 ipse
886 1616 1059 1662 auctor
1113 1613 1283 1661 delicti
1335 1612 1385 1660 in
1438 1626 1650 1675 persona
1700 1613 1976 1674 peccatoris

163 1701 258 1750 uiri
291 1702 633 1760 denotabatur,
673 1701 803 1748 retro
837 1699 1038 1762 quidem
1070 1697 1473 1761 inuituperabilis
1506 1712 1532 1745 a
1565 1697 1643 1745 die
1678 1697 1975 1746 conditionis

165 1801 299 1846 suae,
348 1802 374 1835 a
415 1786 504 1835 deo
550 1785 598 1834 in
645 1785 829 1834 bonum
879 1783 1110 1834 conditus
1157 1785 1215 1832 ut
1261 1798 1287 1831 a
1326 1783 1452 1832 bono
1502 1781 1754 1831 conditore
1793 1781 1977 1831 inuitu-

162 1871 457 1935 perabilium
507 1869 844 1919 conditionum
894 1872 944 1918 et
989 1869 1213 1918 excultus
1261 1869 1395 1917 omni
1443 1868 1601 1933 gloria
1653 1867 1876 1932 angelica
1927 1871 1977 1916 et

163 1957 293 2021 apud
333 1957 481 2006 deum
522 1956 846 2017 constitu-tuS,
895 1970 992 2019 qua
1030 1955 1189 2004 bonus
1230 1954 1361 2018 apud
1398 1955 1600 2012 bonum,
1641 1955 1817 2017 postea
1854 1969 1972 2003 uero

165 2057 190 2089 a
244 2042 515 2104 semetipso
570 2039 842 2089 translatus
895 2040 943 2088 in
998 2039 1199 2087 malum.
1280 2054 1345 2087 ex
1406 2053 1522 2101 quo
1586 2038 1734 2097 enim,
1793 2038 1971 2102 inquit,

163 2129 599 2190 apparuerunt
650 2127 949 2174 laesurae
1001 2126 1166 2184 tuae,
1219 2123 1293 2173 illi
1347 2139 1428 2172 eas
1482 2126 1732 2186 reputans,
1789 2123 1970 2187 quibus

161 2211 356 2260 scilicet
400 2211 549 2260 laesit
593 2210 847 2259 hominem
896 2210 1111 2258 electum
1158 2224 1184 2257 a
1225 2208 1302 2257 dei
1351 2209 1604 2271 obsequie.
1673 2211 1721 2257 et
1760 2208 1973 2271 deliquit

160 2312 215 2344 ex
252 2297 361 2357 illc,
405 2312 459 2345 ex
500 2311 595 2359 quo
636 2295 873 2345 delictum
917 2294 1202 2354 seminauit,
1244 2297 1393 2357 atque
1431 2295 1502 2343 ita
1541 2294 1711 2342 exinde
1749 2294 1970 2359 negotia-

158 2382 324 2442 tioniS,
364 2381 415 2430 id
447 2383 524 2431 est
553 2381 774 2430 malitiae
807 2396 941 2440 suae,
981 2379 1357 2429 multitudinem
1400 2380 1636 2443 exercuit,
1673 2379 1969 2428 delictorum

160 2467 352 2516 scilicet
399 2482 620 2524 censum,
668 2481 763 2514 non
809 2467 973 2514 minus
1022 2468 1071 2514 et
1107 2466 1215 2530 ipse
1261 2465 1404 2514 liberi
1451 2465 1640 2514 arbitrii
1686 2465 1967 2523 institutus,

155 2555 211 2601 ut
242 2552 461 2614 spiritus
500 2551 626 2600 nihil
658 2551 787 2600 enim
821 2551 941 2600 deus
981 2550 1259 2615 proximum
1299 2550 1396 2600 sibi
1435 2565 1528 2599 non
1569 2549 1966 2598 libertate-eius-

155 2636 290 2686 modi
337 2637 630 2686 ordinasset.
686 2651 832 2700 quem
879 2638 1044 2685 tamen
1093 2638 1142 2684 et
1185 2635 1579 2700 praedamnando
1628 2637 1844 2684 testatus
1891 2637 1968 2683 est

156 2723 214 2772 ab
246 2723 579 2772 institutionis
610 2723 769 2772 forma
798 2722 1004 2771 libidine
1035 2722 1233 2786 propria
1271 2726 1537 2785 conceptae
1578 2720 1706 2769 ultro
1746 2719 1966 2768 malitiae

298 2862 364 2915 14]
399 2862 449 2904 cf.
483 2863 583 2904 Luc.
618 2863 681 2914 10,
716 2862 779 2903 18.
869 2863 940 2915 20]
974 2863 1042 2905 Ez.
1075 2862 1140 2910 28,
1177 2863 1240 2903 15.
1331 2862 1400 2915 23]
1434 2863 1485 2903 cf.
1517 2861 1588 2901 Ez.
1622 2861 1688 2911 28,
1722 2861 1786 2901 16.

213 2962 232 3001 1
275 2961 496 3015 onychium
541 2961 622 3002 Gez
722 2962 745 3002 2
786 2961 952 3003 Cherub
991 2961 1174 3015 imposui
1218 2960 1439 3002 Oehlerus:
1481 2960 1681 3002 cherubin
1712 2959 1836 3014 posui
1874 2959 1964 3001 MR

156 3031 368 3091 (defendit
397 3031 509 3086 Eraga,
543 3032 757 3075 Cherubin
791 3046 819 3072 a
854 3032 1130 3073 Tertulliano
1160 3045 1245 3085 pro
1282 3032 1498 3085 sinyulari
1529 3035 1747 3083 acceptum
1777 3031 1963 3085 putans)

153 3102 179 3142 4
201 3103 436 3155 igneorum,
460 3102 581 3143 fuisti
605 3104 736 3157 uulyo
826 3103 875 3143 11
903 3103 1057 3144 cherub
1075 3103 1303 3157 impositus
1322 3102 1544 3143 Oehlerus:
1571 3102 1773 3142 cherubin
1798 3103 1961 3155 positus

153 3171 243 3214 MR
273 3174 344 3226 (cf.
375 3187 512 3227 supra
544 3174 605 3215 ad
635 3175 661 3214 Ζ.
688 3177 733 3226 2)
824 3175 873 3214 12
899 3176 1078 3215 satanan
1106 3173 1228 3226 MR1,
1260 3178 1453 3215 satanam
1477 3172 1540 3215 12³
1562 3174 1691 3226 uulgo
1773 3173 1826 3213 22
1852 3173 1961 3213 elec-

151 3247 241 3285 tum
279 3245 349 3298 (=
383 3246 588 3299 elicitum)
619 3246 727 3294 MR,
762 3247 942 3287 eiectum
978 3245 1235 3287 ciacconius
1351 3248 1394 3286 et
1427 3246 1549 3299 <ipse
1581 3245 1752 3296 autem>
1781 3243 1962 3296 deliquit

149 3315 250 3367 fort.
341 3315 523 3369 deliquit
540 3330 587 3357 ex
610 3317 685 3357 illo
704 3316 761 3369 M,
790 3330 836 3358 ex
852 3317 926 3358 illo
953 3316 1194 3370 deliquitR
1281 3317 1334 3358 25
1357 3317 1520 3357 scilicet
1538 3328 1706 3356 censum
1737 3313 1960 3355 Oehlerus:

151 3385 315 3427 scilicet
338 3390 381 3428 et
406 3400 603 3428 censuum
628 3387 719 3430 MR
805 3389 858 3429 27
885 3391 927 3429 et
949 3387 1293 3441 praedamnando
1318 3387 1420 3435 MR,
1445 3400 1527 3428 non
1551 3384 1893 3439 praedamnando
1918 3384 1965 3424 F
