<?xml version="1.0" encoding="UTF-8"?>
<!DOCTYPE html PUBLIC "-//W3C//DTD XHTML 1.0 Transitional//EN"
    "http://www.w3.org/TR/xhtml1/DTD/xhtml1-transitional.dtd">
<html xmlns="http://www.w3.org/1999/xhtml" xml:lang="en" lang="en">
 <head>
  <title>
</title>
<meta http-equiv="Content-Type" content="text/html;charset=utf-8" />
  <meta name='ocr-system' content='tesseract 3.04.00' />
  <meta name='ocr-capabilities' content='ocr_page ocr_carea ocr_par ocr_line ocrx_word'/>
</head>
<body>
  <div class='ocr_page' id='page_1' title='image "./quintiseptimiflo47tertuoft_0489.png"; bbox 0 0 2248 3646; ppageno 0'>
   <div class='ocr_carea' id='block_1_1' title="bbox 77 1240 114 1267">
    <p class='ocr_par' dir='ltr' id='par_1_1' title="bbox 77 1240 114 1267">
     <span class='ocr_line' id='line_1_1' title="bbox 77 1240 114 1267; baseline 0 0"><span class='ocrx_word' id='word_1_1' title='bbox 77 1240 114 1267; x_wconf 89' lang='lat'>10</span> 
     </span>
    </p>
   </div>
   <div class='ocr_carea' id='block_1_2' title="bbox 76 1664 114 1693">
    <p class='ocr_par' dir='ltr' id='par_1_2' title="bbox 76 1664 114 1693">
     <span class='ocr_line' id='line_1_2' title="bbox 76 1664 114 1693; baseline -0.026 0"><span class='ocrx_word' id='word_1_2' title='bbox 76 1664 114 1693; x_wconf 85' lang='lat'>15</span> 
     </span>
    </p>
   </div>
   <div class='ocr_carea' id='block_1_3' title="bbox 72 2089 114 2119">
    <p class='ocr_par' dir='ltr' id='par_1_3' title="bbox 72 2089 114 2119">
     <span class='ocr_line' id='line_1_3' title="bbox 72 2089 114 2119; baseline 0.024 -1"><span class='ocrx_word' id='word_1_3' title='bbox 72 2089 114 2119; x_wconf 78' lang='lat'>20</span> 
     </span>
    </p>
   </div>
   <div class='ocr_carea' id='block_1_4' title="bbox 73 2515 114 2546">
    <p class='ocr_par' dir='ltr' id='par_1_4' title="bbox 73 2515 114 2546">
     <span class='ocr_line' id='line_1_4' title="bbox 73 2515 114 2546; baseline 0.024 -1"><span class='ocrx_word' id='word_1_4' title='bbox 73 2515 114 2546; x_wconf 83' lang='lat'>25</span> 
     </span>
    </p>
   </div>
   <div class='ocr_carea' id='block_1_5' title="bbox 476 302 1985 352">
    <p class='ocr_par' dir='ltr' id='par_1_5' title="bbox 476 302 1985 352">
     <span class='ocr_line' id='line_1_5' title="bbox 476 302 1985 352; baseline 0 -10"><span class='ocrx_word' id='word_1_5' title='bbox 476 302 571 342; x_wconf 77' lang='lat' dir='ltr'>VII.</span> <span class='ocrx_word' id='word_1_6' title='bbox 601 302 860 343; x_wconf 87' lang='lat' dir='ltr'>Aduersus</span> <span class='ocrx_word' id='word_1_7' title='bbox 892 303 1200 343; x_wconf 78' lang='lat' dir='ltr'>Marcionem</span> <span class='ocrx_word' id='word_1_8' title='bbox 1230 303 1302 343; x_wconf 88' lang='lat' dir='ltr'>lib.</span> <span class='ocrx_word' id='word_1_9' title='bbox 1336 302 1424 342; x_wconf 91' lang='lat' dir='ltr'>IlII</span> <span class='ocrx_word' id='word_1_10' title='bbox 1455 303 1633 343; x_wconf 82' lang='lat'>10—11.</span> <span class='ocrx_word' id='word_1_11' title='bbox 1845 304 1944 352; x_wconf 77' lang='lat'>449</span> <span class='ocrx_word' id='word_1_12' title='bbox 1983 324 1985 327; x_wconf 95' lang='lat'>·</span> 
     </span>
    </p>
   </div>
   <div class='ocr_carea' id='block_1_6' title="bbox 141 456 1951 2902">
    <p class='ocr_par' dir='ltr' id='par_1_6' title="bbox 144 456 1946 604">
     <span class='ocr_line' id='line_1_6' title="bbox 144 456 1946 522; baseline 0 -16"><span class='ocrx_word' id='word_1_13' title='bbox 144 459 310 522; x_wconf 87' lang='lat' dir='ltr'>ipsum</span> <span class='ocrx_word' id='word_1_14' title='bbox 340 457 658 517; x_wconf 75' lang='lat' dir='ltr'>Marcionem,</span> <span class='ocrx_word' id='word_1_15' title='bbox 693 472 840 520; x_wconf 89' lang='lat' dir='ltr'>quam</span> <span class='ocrx_word' id='word_1_16' title='bbox 874 472 1067 520; x_wconf 82' lang='lat' dir='ltr'>corpus,</span> <span class='ocrx_word' id='word_1_17' title='bbox 1102 461 1157 505; x_wconf 89' lang='lat' dir='ltr'>ut</span> <span class='ocrx_word' id='word_1_18' title='bbox 1191 456 1443 506; x_wconf 75' lang='lat' dir='ltr'>Christum</span> <span class='ocrx_word' id='word_1_19' title='bbox 1474 458 1758 508; x_wconf 84' lang='lat' dir='ltr'>Marcionis.</span> <span class='ocrx_word' id='word_1_20' title='bbox 1799 460 1946 522; x_wconf 87' lang='lat' dir='ltr'>atque</span> 
     </span>
     <span class='ocr_line' id='line_1_7' title="bbox 147 541 1283 604; baseline -0.001 -13"><span class='ocrx_word' id='word_1_21' title='bbox 147 543 265 592; x_wconf 86' lang='lat' dir='ltr'>adeo</span> <span class='ocrx_word' id='word_1_22' title='bbox 303 543 494 604; x_wconf 85' lang='lat' dir='ltr'>inspice</span> <span class='ocrx_word' id='word_1_23' title='bbox 535 556 618 590; x_wconf 87' lang='lat' dir='ltr'>cor</span> <span class='ocrx_word' id='word_1_24' title='bbox 655 541 851 591; x_wconf 85' lang='lat' dir='ltr'>Pontici</span> <span class='ocrx_word' id='word_1_25' title='bbox 891 546 975 590; x_wconf 85' lang='lat' dir='ltr'>aut</span> <span class='ocrx_word' id='word_1_26' title='bbox 1015 542 1283 590; x_wconf 83' lang='lat' dir='ltr'>cerebrum.</span> 
     </span>
    </p>

    <p class='ocr_par' dir='ltr' id='par_1_7' title="bbox 141 627 1951 2902">
     <span class='ocr_line' id='line_1_8' title="bbox 219 627 1947 692; baseline 0.001 -17"><span class='ocrx_word' id='word_1_27' title='bbox 219 630 296 675; x_wconf 97' lang='grc'>11.</span> <span class='ocrx_word' id='word_1_28' title='bbox 330 627 655 676; x_wconf 79' lang='lat' dir='ltr'>Publicanum</span> <span class='ocrx_word' id='word_1_29' title='bbox 689 627 937 675; x_wconf 85' lang='lat' dir='ltr'>adlectum</span> <span class='ocrx_word' id='word_1_30' title='bbox 977 641 1003 674; x_wconf 90' lang='lat' dir='ltr'>a</span> <span class='ocrx_word' id='word_1_31' title='bbox 1042 627 1235 675; x_wconf 88' lang='lat' dir='ltr'>domino</span> <span class='ocrx_word' id='word_1_32' title='bbox 1268 627 1316 675; x_wconf 89' lang='lat' dir='ltr'>in</span> <span class='ocrx_word' id='word_1_33' title='bbox 1350 631 1697 692; x_wconf 74' lang='lat' dir='ltr'>argumentum</span> <span class='ocrx_word' id='word_1_34' title='bbox 1731 628 1947 688; x_wconf 79' lang='lat' dir='ltr'>deducit,</span> 
     </span>
     <span class='ocr_line' id='line_1_9' title="bbox 147 711 1948 777; baseline 0.001 -16"><span class='ocrx_word' id='word_1_35' title='bbox 147 713 288 776; x_wconf 86' lang='lat' dir='ltr'>quasi</span> <span class='ocrx_word' id='word_1_36' title='bbox 334 712 392 760; x_wconf 89' lang='lat' dir='ltr'>ab</span> <span class='ocrx_word' id='word_1_37' title='bbox 440 711 721 761; x_wconf 84' lang='lat' dir='ltr'>aduersario</span> <span class='ocrx_word' id='word_1_38' title='bbox 768 712 896 776; x_wconf 79' lang='lat' dir='ltr'>legis</span> <span class='ocrx_word' id='word_1_39' title='bbox 943 712 1190 760; x_wconf 85' lang='lat' dir='ltr'>adlectum</span> <span class='ocrx_word' id='word_1_40' title='bbox 1233 717 1515 761; x_wconf 78' lang='lat' dir='ltr'>extraneum</span> <span class='ocrx_word' id='word_1_41' title='bbox 1553 713 1679 777; x_wconf 81' lang='lat' dir='ltr'>legis</span> <span class='ocrx_word' id='word_1_42' title='bbox 1720 717 1769 762; x_wconf 89' lang='lat' dir='ltr'>et</span> <span class='ocrx_word' id='word_1_43' title='bbox 1805 714 1948 762; x_wconf 87' lang='lat' dir='ltr'>luda-</span> 
     </span>
     <span class='ocr_line' id='line_1_10' title="bbox 147 796 1947 861; baseline 0.001 -16"><span class='ocrx_word' id='word_1_44' title='bbox 147 798 261 845; x_wconf 86' lang='lat' dir='ltr'>ismi</span> <span class='ocrx_word' id='word_1_45' title='bbox 292 798 565 860; x_wconf 83' lang='lat' dir='ltr'>profanum.</span> <span class='ocrx_word' id='word_1_46' title='bbox 607 796 787 845; x_wconf 81' lang='lat' dir='ltr'>excidit</span> <span class='ocrx_word' id='word_1_47' title='bbox 819 797 861 845; x_wconf 86' lang='lat' dir='ltr'>ei</span> <span class='ocrx_word' id='word_1_48' title='bbox 897 797 976 845; x_wconf 89' lang='lat' dir='ltr'>uel</span> <span class='ocrx_word' id='word_1_49' title='bbox 1010 797 1066 845; x_wconf 91' lang='lat' dir='ltr'>de</span> <span class='ocrx_word' id='word_1_50' title='bbox 1099 797 1263 857; x_wconf 84' lang='lat' dir='ltr'>Petro,</span> <span class='ocrx_word' id='word_1_51' title='bbox 1302 798 1430 861; x_wconf 81' lang='lat' dir='ltr'>legis</span> <span class='ocrx_word' id='word_1_52' title='bbox 1471 797 1668 847; x_wconf 86' lang='lat' dir='ltr'>homine</span> <span class='ocrx_word' id='word_1_53' title='bbox 1704 801 1750 846; x_wconf 85' lang='lat' dir='ltr'>et</span> <span class='ocrx_word' id='word_1_54' title='bbox 1782 801 1947 847; x_wconf 86' lang='lat' dir='ltr'>tamen</span> 
     </span>
     <span class='ocr_line' id='line_1_11' title="bbox 145 881 1950 947; baseline 0.001 -16"><span class='ocrx_word' id='word_1_55' title='bbox 145 897 239 931; x_wconf 91' lang='lat' dir='ltr'>non</span> <span class='ocrx_word' id='word_1_56' title='bbox 286 886 478 930; x_wconf 89' lang='lat' dir='ltr'>tantum</span> <span class='ocrx_word' id='word_1_57' title='bbox 526 881 718 930; x_wconf 88' lang='lat' dir='ltr'>adlecto</span> <span class='ocrx_word' id='word_1_58' title='bbox 779 882 865 931; x_wconf 87' lang='lat' dir='ltr'>sed</span> <span class='ocrx_word' id='word_1_59' title='bbox 912 882 1059 930; x_wconf 89' lang='lat' dir='ltr'>etiam</span> <span class='ocrx_word' id='word_1_60' title='bbox 1106 883 1451 931; x_wconf 87' lang='lat' dir='ltr'>testimonium</span> <span class='ocrx_word' id='word_1_61' title='bbox 1494 887 1760 932; x_wconf 88' lang='lat' dir='ltr'>consecuto</span> <span class='ocrx_word' id='word_1_62' title='bbox 1816 883 1950 947; x_wconf 83' lang='lat' dir='ltr'>agni-</span> 
     </span>
     <span class='ocr_line' id='line_1_12' title="bbox 143 967 1949 1034; baseline 0.001 -19"><span class='ocrx_word' id='word_1_63' title='bbox 143 967 293 1016; x_wconf 87' lang='lat' dir='ltr'>tionis</span> <span class='ocrx_word' id='word_1_64' title='bbox 332 967 599 1034; x_wconf 76' lang='lat' dir='ltr'>praestitae</span> <span class='ocrx_word' id='word_1_65' title='bbox 640 982 665 1014; x_wconf 87' lang='lat' dir='ltr'>a</span> <span class='ocrx_word' id='word_1_66' title='bbox 703 971 862 1030; x_wconf 72' lang='lat' dir='ltr'>patre:</span> <span class='ocrx_word' id='word_1_67' title='bbox 912 982 1157 1028; x_wconf 83' lang='lat' dir='ltr'>nusquam</span> <span class='ocrx_word' id='word_1_68' title='bbox 1202 967 1391 1030; x_wconf 78' lang='lat' dir='ltr'>legerat</span> <span class='ocrx_word' id='word_1_69' title='bbox 1426 968 1595 1016; x_wconf 88' lang='lat' dir='ltr'>lumen</span> <span class='ocrx_word' id='word_1_70' title='bbox 1635 971 1683 1015; x_wconf 90' lang='lat' dir='ltr'>et</span> <span class='ocrx_word' id='word_1_71' title='bbox 1723 983 1860 1031; x_wconf 85' lang='lat' dir='ltr'>spem</span> <span class='ocrx_word' id='word_1_72' title='bbox 1901 972 1949 1016; x_wconf 89' lang='lat' dir='ltr'>et</span> 
     </span>
     <span class='ocr_line' id='line_1_13' title="bbox 146 1051 1950 1116; baseline 0.001 -16"><span class='ocrx_word' id='word_1_73' title='bbox 146 1052 536 1116; x_wconf 69' lang='lat' dir='ltr'>expectationem</span> <span class='ocrx_word' id='word_1_74' title='bbox 582 1052 836 1100; x_wconf 87' lang='lat' dir='ltr'>nationum</span> <span class='ocrx_word' id='word_1_75' title='bbox 875 1051 1146 1114; x_wconf 83' lang='lat' dir='ltr'>praedicari</span> <span class='ocrx_word' id='word_1_76' title='bbox 1187 1051 1454 1101; x_wconf 72' lang='lat' dir='ltr'>Christum.</span> <span class='ocrx_word' id='word_1_77' title='bbox 1502 1052 1672 1116; x_wconf 86' lang='lat' dir='ltr'>atquin</span> <span class='ocrx_word' id='word_1_78' title='bbox 1719 1053 1950 1115; x_wconf 84' lang='lat' dir='ltr'>probauit</span> 
     </span>
     <span class='ocr_line' id='line_1_14' title="bbox 145 1136 1948 1201; baseline 0.001 -16"><span class='ocrx_word' id='word_1_79' title='bbox 145 1137 310 1201; x_wconf 89' lang='lat' dir='ltr'>potius</span> <span class='ocrx_word' id='word_1_80' title='bbox 350 1136 575 1195; x_wconf 63' lang='grc'><strong>1111161003,</strong></span> <span class='ocrx_word' id='word_1_81' title='bbox 617 1136 822 1186; x_wconf 82' lang='lat' dir='ltr'>dicendo</span> <span class='ocrx_word' id='word_1_82' title='bbox 863 1136 1115 1185; x_wconf 74' lang='lat' dir='ltr'>medicum</span> <span class='ocrx_word' id='word_1_83' title='bbox 1155 1138 1285 1186; x_wconf 91' lang='lat' dir='ltr'>sanis</span> <span class='ocrx_word' id='word_1_84' title='bbox 1318 1152 1412 1185; x_wconf 89' lang='lat' dir='ltr'>non</span> <span class='ocrx_word' id='word_1_85' title='bbox 1446 1152 1556 1186; x_wconf 89' lang='lat' dir='ltr'>esse</span> <span class='ocrx_word' id='word_1_86' title='bbox 1595 1138 1948 1198; x_wconf 87' lang='lat' dir='ltr'>necessarium,</span> 
     </span>
     <span class='ocr_line' id='line_1_15' title="bbox 146 1221 1949 1288; baseline 0.001 -18"><span class='ocrx_word' id='word_1_87' title='bbox 146 1221 231 1270; x_wconf 84' lang='lat' dir='ltr'>sed</span> <span class='ocrx_word' id='word_1_88' title='bbox 276 1221 404 1270; x_wconf 87' lang='lat' dir='ltr'>male</span> <span class='ocrx_word' id='word_1_89' title='bbox 450 1222 762 1271; x_wconf 77' lang='lat' dir='ltr'>habentibus</span> <span class='ocrx_word' id='word_1_90' title='bbox 810 1221 851 1269; x_wconf 90' lang='lat' dir='ltr'>si</span> <span class='ocrx_word' id='word_1_91' title='bbox 899 1222 1025 1270; x_wconf 87' lang='lat' dir='ltr'>enim</span> <span class='ocrx_word' id='word_1_92' title='bbox 1071 1223 1198 1270; x_wconf 85' lang='lat' dir='ltr'>male</span> <span class='ocrx_word' id='word_1_93' title='bbox 1246 1222 1468 1271; x_wconf 85' lang='lat' dir='ltr'>ualentes</span> <span class='ocrx_word' id='word_1_94' title='bbox 1515 1223 1678 1271; x_wconf 82' lang='lat' dir='ltr'>uoluit</span> <span class='ocrx_word' id='word_1_95' title='bbox 1723 1222 1949 1288; x_wconf 80' lang='lat' dir='ltr'>intellegi</span> 
     </span>
     <span class='ocr_line' id='line_1_16' title="bbox 147 1306 1950 1371; baseline 0.001 -17"><span class='ocrx_word' id='word_1_96' title='bbox 147 1306 368 1355; x_wconf 84' lang='lat' dir='ltr'>ethnicos</span> <span class='ocrx_word' id='word_1_97' title='bbox 417 1311 465 1355; x_wconf 87' lang='lat' dir='ltr'>et</span> <span class='ocrx_word' id='word_1_98' title='bbox 509 1306 818 1370; x_wconf 72' lang='lat' dir='ltr'>publicanOS,</span> <span class='ocrx_word' id='word_1_99' title='bbox 866 1321 989 1370; x_wconf 86' lang='lat' dir='ltr'>quos</span> <span class='ocrx_word' id='word_1_100' title='bbox 1040 1306 1300 1371; x_wconf 80' lang='lat' dir='ltr'>adlegebat</span> <span class='ocrx_word' id='word_1_101' title='bbox 1346 1323 1489 1356; x_wconf 87' lang='lat' dir='ltr'>sanos</span> <span class='ocrx_word' id='word_1_102' title='bbox 1528 1307 1740 1356; x_wconf 82' lang='lat' dir='ltr'>Iudaeos</span> <span class='ocrx_word' id='word_1_103' title='bbox 1782 1308 1950 1356; x_wconf 81' lang='lat' dir='ltr'>confir-</span> 
     </span>
     <span class='ocr_line' id='line_1_17' title="bbox 144 1392 1947 1458; baseline 0.001 -18"><span class='ocrx_word' id='word_1_104' title='bbox 144 1392 327 1451; x_wconf 86' lang='lat' dir='ltr'>mabat,</span> <span class='ocrx_word' id='word_1_105' title='bbox 372 1392 553 1455; x_wconf 86' lang='lat' dir='ltr'>quibus</span> <span class='ocrx_word' id='word_1_106' title='bbox 594 1392 841 1441; x_wconf 83' lang='lat' dir='ltr'>medicum</span> <span class='ocrx_word' id='word_1_107' title='bbox 883 1392 1217 1441; x_wconf 86' lang='lat' dir='ltr'>necessarium</span> <span class='ocrx_word' id='word_1_108' title='bbox 1258 1393 1479 1458; x_wconf 81' lang='lat' dir='ltr'>negabat.</span> <span class='ocrx_word' id='word_1_109' title='bbox 1525 1393 1618 1442; x_wconf 89' lang='lat' dir='ltr'>hoc</span> <span class='ocrx_word' id='word_1_110' title='bbox 1660 1393 1697 1441; x_wconf 89' lang='lat' dir='ltr'>si</span> <span class='ocrx_word' id='word_1_111' title='bbox 1739 1393 1809 1442; x_wconf 87' lang='lat' dir='ltr'>ita</span> <span class='ocrx_word' id='word_1_112' title='bbox 1857 1402 1947 1452; x_wconf 87' lang='lat' dir='ltr'>est,</span> 
     </span>
     <span class='ocr_line' id='line_1_18' title="bbox 144 1477 1950 1542; baseline 0.001 -17"><span class='ocrx_word' id='word_1_113' title='bbox 144 1479 273 1527; x_wconf 86' lang='lat' dir='ltr'>male</span> <span class='ocrx_word' id='word_1_114' title='bbox 313 1477 567 1526; x_wconf 87' lang='lat' dir='ltr'>descendit</span> <span class='ocrx_word' id='word_1_115' title='bbox 605 1477 665 1526; x_wconf 84' lang='lat' dir='ltr'>ad</span> <span class='ocrx_word' id='word_1_116' title='bbox 702 1479 864 1542; x_wconf 82' lang='lat' dir='ltr'>legem</span> <span class='ocrx_word' id='word_1_117' title='bbox 904 1478 1251 1526; x_wconf 76' lang='lat' dir='ltr'>destruendam</span> <span class='ocrx_word' id='word_1_118' title='bbox 1307 1479 1448 1541; x_wconf 82' lang='lat' dir='ltr'>quasi</span> <span class='ocrx_word' id='word_1_119' title='bbox 1494 1478 1554 1527; x_wconf 89' lang='lat' dir='ltr'>ad</span> <span class='ocrx_word' id='word_1_120' title='bbox 1599 1479 1783 1527; x_wconf 87' lang='lat' dir='ltr'>malam</span> <span class='ocrx_word' id='word_1_121' title='bbox 1828 1479 1950 1528; x_wconf 87' lang='lat' dir='ltr'>uali-</span> 
     </span>
     <span class='ocr_line' id='line_1_19' title="bbox 144 1562 1950 1628; baseline 0.001 -16"><span class='ocrx_word' id='word_1_122' title='bbox 144 1563 367 1612; x_wconf 83' lang='lat' dir='ltr'>tudinem</span> <span class='ocrx_word' id='word_1_123' title='bbox 429 1562 811 1621; x_wconf 76' lang='lat' dir='ltr'>remediandam,</span> <span class='ocrx_word' id='word_1_124' title='bbox 872 1563 920 1611; x_wconf 86' lang='grc'>111</span> <span class='ocrx_word' id='word_1_125' title='bbox 976 1579 1070 1626; x_wconf 90' lang='lat' dir='ltr'>qua</span> <span class='ocrx_word' id='word_1_126' title='bbox 1124 1564 1207 1627; x_wconf 88' lang='lat' dir='ltr'>qui</span> <span class='ocrx_word' id='word_1_127' title='bbox 1260 1564 1474 1628; x_wconf 82' lang='lat' dir='ltr'>agebant</span> <span class='ocrx_word' id='word_1_128' title='bbox 1525 1564 1648 1613; x_wconf 90' lang='lat' dir='ltr'>bene</span> <span class='ocrx_word' id='word_1_129' title='bbox 1701 1564 1950 1624; x_wconf 86' lang='lat' dir='ltr'>ualebant,</span> 
     </span>
     <span class='ocr_line' id='line_1_20' title="bbox 148 1648 1951 1711; baseline 0.001 -15"><span class='ocrx_word' id='word_1_130' title='bbox 148 1648 327 1711; x_wconf 89' lang='lat' dir='ltr'>quibus</span> <span class='ocrx_word' id='word_1_131' title='bbox 381 1648 603 1697; x_wconf 88' lang='lat' dir='ltr'>medicus</span> <span class='ocrx_word' id='word_1_132' title='bbox 656 1649 967 1698; x_wconf 84' lang='lat' dir='ltr'>necessarius</span> <span class='ocrx_word' id='word_1_133' title='bbox 1021 1664 1116 1697; x_wconf 89' lang='lat' dir='ltr'>non</span> <span class='ocrx_word' id='word_1_134' title='bbox 1171 1652 1288 1698; x_wconf 87' lang='lat' dir='ltr'>erat.</span> <span class='ocrx_word' id='word_1_135' title='bbox 1343 1649 1487 1711; x_wconf 87' lang='lat' dir='ltr'>quale</span> <span class='ocrx_word' id='word_1_136' title='bbox 1535 1653 1612 1698; x_wconf 89' lang='lat' dir='ltr'>est</span> <span class='ocrx_word' id='word_1_137' title='bbox 1658 1653 1840 1709; x_wconf 86' lang='lat' dir='ltr'>autem,</span> <span class='ocrx_word' id='word_1_138' title='bbox 1894 1653 1951 1698; x_wconf 92' lang='lat' dir='ltr'>ut</span> 
     </span>
     <span class='ocr_line' id='line_1_21' title="bbox 145 1728 1951 1798; baseline 0.001 -16"><span class='ocrx_word' id='word_1_139' title='bbox 145 1728 754 1788; x_wconf 65' lang='lat' dir='ltr'>siniilitudineni-&#39;medici</span> <span class='ocrx_word' id='word_1_140' title='bbox 807 1735 1121 1797; x_wconf 78' lang='lat' dir='ltr'>proposuerit</span> <span class='ocrx_word' id='word_1_141' title='bbox 1164 1749 1252 1783; x_wconf 89' lang='lat' dir='ltr'>nec</span> <span class='ocrx_word' id='word_1_142' title='bbox 1297 1734 1614 1798; x_wconf 80' lang='lat' dir='ltr'>impleuerit&#39;?</span> <span class='ocrx_word' id='word_1_143' title='bbox 1659 1749 1772 1783; x_wconf 88' lang='lat' dir='ltr'>nam</span> <span class='ocrx_word' id='word_1_144' title='bbox 1819 1736 1951 1784; x_wconf 91' lang='lat' dir='ltr'>sicut</span> 
     </span>
     <span class='ocr_line' id='line_1_22' title="bbox 147 1818 1948 1881; baseline 0.001 -13"><span class='ocrx_word' id='word_1_145' title='bbox 147 1819 279 1868; x_wconf 85' lang='lat' dir='ltr'>sanis</span> <span class='ocrx_word' id='word_1_146' title='bbox 325 1818 574 1867; x_wconf 85' lang='lat' dir='ltr'>medicum</span> <span class='ocrx_word' id='word_1_147' title='bbox 620 1833 763 1867; x_wconf 91' lang='lat' dir='ltr'>nemo</span> <span class='ocrx_word' id='word_1_148' title='bbox 812 1819 1027 1877; x_wconf 83' lang='lat' dir='ltr'>adhibet,</span> <span class='ocrx_word' id='word_1_149' title='bbox 1082 1819 1151 1867; x_wconf 88' lang='lat' dir='ltr'>ita</span> <span class='ocrx_word' id='word_1_150' title='bbox 1199 1834 1287 1867; x_wconf 87' lang='lat' dir='ltr'>nec</span> <span class='ocrx_word' id='word_1_151' title='bbox 1340 1819 1388 1867; x_wconf 91' lang='lat' dir='ltr'>in</span> <span class='ocrx_word' id='word_1_152' title='bbox 1440 1822 1635 1869; x_wconf 88' lang='lat' dir='ltr'>tantum</span> <span class='ocrx_word' id='word_1_153' title='bbox 1689 1821 1948 1881; x_wconf 73' lang='lat' dir='ltr'>extraneis,</span> 
     </span>
     <span class='ocr_line' id='line_1_23' title="bbox 146 1903 1950 1966; baseline 0.003 -17"><span class='ocrx_word' id='word_1_154' title='bbox 146 1906 383 1966; x_wconf 85' lang='lat' dir='ltr'>quantum</span> <span class='ocrx_word' id='word_1_155' title='bbox 425 1906 501 1952; x_wconf 85' lang='lat' dir='ltr'>est</span> <span class='ocrx_word' id='word_1_156' title='bbox 531 1904 678 1952; x_wconf 89' lang='lat' dir='ltr'>homo</span> <span class='ocrx_word' id='word_1_157' title='bbox 712 1919 739 1951; x_wconf 87' lang='lat' dir='ltr'>a</span> <span class='ocrx_word' id='word_1_158' title='bbox 771 1903 859 1952; x_wconf 89' lang='lat' dir='ltr'>deo</span> <span class='ocrx_word' id='word_1_159' title='bbox 891 1903 1175 1961; x_wconf 82' lang='lat' dir='ltr'>Marcionis,</span> <span class='ocrx_word' id='word_1_160' title='bbox 1219 1920 1363 1953; x_wconf 89' lang='lat' dir='ltr'>suum</span> <span class='ocrx_word' id='word_1_161' title='bbox 1395 1905 1581 1953; x_wconf 87' lang='lat' dir='ltr'>habens</span> <span class='ocrx_word' id='word_1_162' title='bbox 1615 1907 1664 1954; x_wconf 91' lang='lat' dir='ltr'>et</span> <span class='ocrx_word' id='word_1_163' title='bbox 1695 1908 1950 1955; x_wconf 87' lang='lat' dir='ltr'>auctorem</span> 
     </span>
     <span class='ocr_line' id='line_1_24' title="bbox 147 1989 1950 2053; baseline 0.001 -15"><span class='ocrx_word' id='word_1_164' title='bbox 147 1992 195 2038; x_wconf 88' lang='lat' dir='ltr'>et</span> <span class='ocrx_word' id='word_1_165' title='bbox 224 1991 556 2053; x_wconf 86' lang='lat' dir='ltr'>protectorem</span> <span class='ocrx_word' id='word_1_166' title='bbox 590 1993 638 2037; x_wconf 89' lang='lat' dir='ltr'>et</span> <span class='ocrx_word' id='word_1_167' title='bbox 670 1989 727 2037; x_wconf 89' lang='lat' dir='ltr'>ab</span> <span class='ocrx_word' id='word_1_168' title='bbox 759 1989 845 2037; x_wconf 88' lang='lat' dir='ltr'>illo</span> <span class='ocrx_word' id='word_1_169' title='bbox 877 1989 1045 2052; x_wconf 88' lang='lat' dir='ltr'>potius</span> <span class='ocrx_word' id='word_1_170' title='bbox 1068 1989 1318 2038; x_wconf 81' lang='lat' dir='ltr'>medicum</span> <span class='ocrx_word' id='word_1_171' title='bbox 1345 1989 1616 2039; x_wconf 81' lang='lat' dir='ltr'>Christum.</span> <span class='ocrx_word' id='word_1_172' title='bbox 1657 1990 1747 2040; x_wconf 88' lang='grc'><strong>1100</strong></span> <span class='ocrx_word' id='word_1_173' title='bbox 1777 1990 1950 2040; x_wconf 87' lang='lat' dir='ltr'>simili-</span> 
     </span>
     <span class='ocr_line' id='line_1_25' title="bbox 142 2074 1948 2138; baseline 0.001 -16"><span class='ocrx_word' id='word_1_174' title='bbox 142 2074 263 2123; x_wconf 89' lang='lat' dir='ltr'>tudo</span> <span class='ocrx_word' id='word_1_175' title='bbox 308 2074 630 2138; x_wconf 88' lang='lat' dir='ltr'>praeiudicat,</span> <span class='ocrx_word' id='word_1_176' title='bbox 679 2074 736 2123; x_wconf 91' lang='lat' dir='ltr'>ab</span> <span class='ocrx_word' id='word_1_177' title='bbox 785 2090 838 2123; x_wconf 93' lang='lat' dir='ltr'>eo</span> <span class='ocrx_word' id='word_1_178' title='bbox 885 2074 1045 2137; x_wconf 78' lang='lat' dir='ltr'>magis</span> <span class='ocrx_word' id='word_1_179' title='bbox 1092 2075 1329 2138; x_wconf 84' lang='lat' dir='ltr'>praestari</span> <span class='ocrx_word' id='word_1_180' title='bbox 1379 2075 1646 2136; x_wconf 86' lang='lat' dir='ltr'>medicum,</span> <span class='ocrx_word' id='word_1_181' title='bbox 1694 2075 1754 2124; x_wconf 88' lang='lat' dir='ltr'>ad</span> <span class='ocrx_word' id='word_1_182' title='bbox 1800 2091 1948 2138; x_wconf 85' lang='lat' dir='ltr'>quem</span> 
     </span>
     <span class='ocr_line' id='line_1_26' title="bbox 141 2158 1949 2224; baseline 0.001 -17"><span class='ocrx_word' id='word_1_183' title='bbox 141 2158 387 2222; x_wconf 89' lang='lat' dir='ltr'>pertinent</span> <span class='ocrx_word' id='word_1_184' title='bbox 433 2160 517 2222; x_wconf 91' lang='lat' dir='ltr'>qui</span> <span class='ocrx_word' id='word_1_185' title='bbox 560 2160 811 2224; x_wconf 85' lang='lat' dir='ltr'>languent.</span> <span class='ocrx_word' id='word_1_186' title='bbox 957 2159 1096 2209; x_wconf 87' lang='lat' dir='ltr'>Unde</span> <span class='ocrx_word' id='word_1_187' title='bbox 1137 2163 1304 2208; x_wconf 91' lang='lat' dir='ltr'>autem</span> <span class='ocrx_word' id='word_1_188' title='bbox 1350 2163 1401 2209; x_wconf 88' lang='lat' dir='ltr'>et</span> <span class='ocrx_word' id='word_1_189' title='bbox 1435 2161 1678 2209; x_wconf 87' lang='lat' dir='ltr'>Iohannes</span> <span class='ocrx_word' id='word_1_190' title='bbox 1725 2161 1863 2210; x_wconf 89' lang='lat' dir='ltr'>uenit</span> <span class='ocrx_word' id='word_1_191' title='bbox 1900 2161 1949 2209; x_wconf 89' lang='lat' dir='ltr'>in</span> 
     </span>
     <span class='ocr_line' id='line_1_27' title="bbox 142 2244 1951 2305; baseline 0.001 -13"><span class='ocrx_word' id='word_1_192' title='bbox 142 2244 394 2293; x_wconf 78' lang='lat' dir='ltr'>medium?</span> <span class='ocrx_word' id='word_1_193' title='bbox 449 2245 613 2294; x_wconf 89' lang='lat' dir='ltr'>subito</span> <span class='ocrx_word' id='word_1_194' title='bbox 671 2244 916 2305; x_wconf 82' lang='lat' dir='ltr'>ChristuS,</span> <span class='ocrx_word' id='word_1_195' title='bbox 970 2245 1135 2294; x_wconf 89' lang='lat' dir='ltr'>subito</span> <span class='ocrx_word' id='word_1_196' title='bbox 1175 2245 1436 2294; x_wconf 86' lang='lat' dir='ltr'>Iohannes.</span> <span class='ocrx_word' id='word_1_197' title='bbox 1491 2246 1563 2294; x_wconf 90' lang='lat' dir='ltr'>sic</span> <span class='ocrx_word' id='word_1_198' title='bbox 1617 2249 1733 2295; x_wconf 88' lang='lat' dir='ltr'>sunt</span> <span class='ocrx_word' id='word_1_199' title='bbox 1786 2245 1951 2296; x_wconf 89' lang='lat' dir='ltr'>omnia</span> 
     </span>
     <span class='ocr_line' id='line_1_28' title="bbox 143 2329 1950 2395; baseline 0.001 -17"><span class='ocrx_word' id='word_1_200' title='bbox 143 2329 274 2392; x_wconf 86' lang='lat' dir='ltr'>apud</span> <span class='ocrx_word' id='word_1_201' title='bbox 312 2330 629 2390; x_wconf 87' lang='lat' dir='ltr'>Marcionem,</span> <span class='ocrx_word' id='word_1_202' title='bbox 672 2346 796 2394; x_wconf 85' lang='lat' dir='ltr'>quae</span> <span class='ocrx_word' id='word_1_203' title='bbox 836 2346 983 2378; x_wconf 89' lang='lat' dir='ltr'>suum</span> <span class='ocrx_word' id='word_1_204' title='bbox 1025 2333 1072 2379; x_wconf 91' lang='lat' dir='ltr'>et</span> <span class='ocrx_word' id='word_1_205' title='bbox 1108 2331 1311 2393; x_wconf 89' lang='lat' dir='ltr'>plenum</span> <span class='ocrx_word' id='word_1_206' title='bbox 1348 2331 1535 2380; x_wconf 89' lang='lat' dir='ltr'>habent</span> <span class='ocrx_word' id='word_1_207' title='bbox 1566 2331 1787 2380; x_wconf 88' lang='lat' dir='ltr'>ordinem</span> <span class='ocrx_word' id='word_1_208' title='bbox 1818 2330 1950 2395; x_wconf 86' lang='lat' dir='ltr'>apud</span> 
     </span>
     <span class='ocr_line' id='line_1_29' title="bbox 144 2415 1945 2479; baseline 0 -16"><span class='ocrx_word' id='word_1_209' title='bbox 144 2418 428 2464; x_wconf 85' lang='lat' dir='ltr'>creatorem.</span> <span class='ocrx_word' id='word_1_210' title='bbox 484 2416 569 2464; x_wconf 89' lang='lat' dir='ltr'>sed</span> <span class='ocrx_word' id='word_1_211' title='bbox 617 2415 682 2464; x_wconf 88' lang='lat' dir='ltr'>de·</span> <span class='ocrx_word' id='word_1_212' title='bbox 719 2416 936 2465; x_wconf 85' lang='lat' dir='ltr'>Iohanne</span> <span class='ocrx_word' id='word_1_213' title='bbox 984 2419 1146 2465; x_wconf 90' lang='lat' dir='ltr'>cetera</span> <span class='ocrx_word' id='word_1_214' title='bbox 1193 2415 1325 2464; x_wconf 89' lang='lat' dir='ltr'>alibi.</span> <span class='ocrx_word' id='word_1_215' title='bbox 1382 2416 1442 2464; x_wconf 88' lang='lat' dir='ltr'>ad</span> <span class='ocrx_word' id='word_1_216' title='bbox 1486 2419 1772 2479; x_wconf 86' lang='lat' dir='ltr'>praesentes</span> <span class='ocrx_word' id='word_1_217' title='bbox 1820 2416 1945 2464; x_wconf 90' lang='lat' dir='ltr'>enim</span> 
     </span>
     <span class='ocr_line' id='line_1_30' title="bbox 144 2501 1951 2565; baseline 0.001 -17"><span class='ocrx_word' id='word_1_218' title='bbox 144 2515 367 2564; x_wconf 88' lang='lat' dir='ltr'>quosque</span> <span class='ocrx_word' id='word_1_219' title='bbox 414 2501 650 2549; x_wconf 85' lang='lat' dir='ltr'>articulos</span> <span class='ocrx_word' id='word_1_220' title='bbox 696 2501 1092 2565; x_wconf 88' lang='lat' dir='ltr'>respondendum</span> <span class='ocrx_word' id='word_1_221' title='bbox 1147 2504 1234 2550; x_wconf 91' lang='lat' dir='ltr'>est.</span> <span class='ocrx_word' id='word_1_222' title='bbox 1287 2517 1417 2550; x_wconf 88' lang='lat' dir='ltr'>nunc</span> <span class='ocrx_word' id='word_1_223' title='bbox 1468 2501 1597 2550; x_wconf 88' lang='lat' dir='ltr'>illud</span> <span class='ocrx_word' id='word_1_224' title='bbox 1647 2501 1839 2562; x_wconf 88' lang='lat' dir='ltr'>tuebor,</span> <span class='ocrx_word' id='word_1_225' title='bbox 1892 2504 1951 2550; x_wconf 86' lang='lat' dir='ltr'>ut</span> 
     </span>
     <span class='ocr_line' id='line_1_31' title="bbox 144 2576 1950 2646; baseline 0.001 -13"><span class='ocrx_word' id='word_1_226' title='bbox 144 2584 475 2634; x_wconf 87' lang='lat' dir='ltr'>demonstrem</span> <span class='ocrx_word' id='word_1_227' title='bbox 502 2589 551 2635; x_wconf 89' lang='lat' dir='ltr'>et</span> <span class='ocrx_word' id='word_1_228' title='bbox 573 2586 841 2635; x_wconf 82' lang='lat' dir='ltr'>Iohannem</span> <span class='ocrx_word' id='word_1_229' title='bbox 868 2576 1061 2636; x_wconf 88' lang='lat' dir='ltr'>Christo</span> <span class='ocrx_word' id='word_1_230' title='bbox 1088 2590 1137 2635; x_wconf 89' lang='lat' dir='ltr'>et</span> <span class='ocrx_word' id='word_1_231' title='bbox 1162 2585 1417 2635; x_wconf 86' lang='lat' dir='ltr'>Christum</span> <span class='ocrx_word' id='word_1_232' title='bbox 1439 2586 1646 2635; x_wconf 83' lang='lat' dir='ltr'>Iohanni</span> <span class='ocrx_word' id='word_1_233' title='bbox 1672 2586 1950 2646; x_wconf 87' lang='lat' dir='ltr'>conuenire,</span> 
     </span>
     <span class='ocr_line' id='line_1_32' title="bbox 141 2670 1951 2734; baseline 0.001 -16"><span class='ocrx_word' id='word_1_234' title='bbox 141 2670 314 2734; x_wconf 89' lang='lat' dir='ltr'>utique</span> <span class='ocrx_word' id='word_1_235' title='bbox 353 2686 453 2733; x_wconf 56' lang='lat' dir='ltr'>qua*</span> <span class='ocrx_word' id='word_1_236' title='bbox 493 2671 761 2734; x_wconf 87' lang='lat' dir='ltr'>prophetae</span> <span class='ocrx_word' id='word_1_237' title='bbox 809 2671 1043 2721; x_wconf 86' lang='lat' dir='ltr'>creatoris</span> <span class='ocrx_word' id='word_1_238' title='bbox 1097 2671 1349 2721; x_wconf 86' lang='lat' dir='ltr'>Christum</span> <span class='ocrx_word' id='word_1_239' title='bbox 1401 2672 1653 2732; x_wconf 78' lang='lat' dir='ltr'>creatoriS,</span> <span class='ocrx_word' id='word_1_240' title='bbox 1694 2674 1841 2734; x_wconf 88' lang='lat' dir='ltr'>atque</span> <span class='ocrx_word' id='word_1_241' title='bbox 1880 2671 1951 2720; x_wconf 88' lang='lat' dir='ltr'>ita</span> 
     </span>
     <span class='ocr_line' id='line_1_33' title="bbox 143 2755 1950 2816; baseline 0.001 -13"><span class='ocrx_word' id='word_1_242' title='bbox 143 2755 404 2805; x_wconf 86' lang='lat' dir='ltr'>erubescat</span> <span class='ocrx_word' id='word_1_243' title='bbox 446 2756 741 2816; x_wconf 87' lang='lat' dir='ltr'>haereticus,</span> <span class='ocrx_word' id='word_1_244' title='bbox 795 2756 1028 2806; x_wconf 86' lang='lat' dir='ltr'>Iohannis</span> <span class='ocrx_word' id='word_1_245' title='bbox 1075 2757 1295 2806; x_wconf 90' lang='lat' dir='ltr'>ordinem</span> <span class='ocrx_word' id='word_1_246' title='bbox 1341 2758 1525 2806; x_wconf 86' lang='lat' dir='ltr'>frustra</span> <span class='ocrx_word' id='word_1_247' title='bbox 1570 2757 1853 2807; x_wconf 73' lang='lat' dir='ltr'>frustratus</span> <span class='ocrx_word' id='word_1_248' title='bbox 1909 2757 1950 2806; x_wconf 91' lang='lat' dir='ltr'>si</span> 
     </span>
     <span class='ocr_line' id='line_1_34' title="bbox 143 2828 1949 2902; baseline 0.001 -14"><span class='ocrx_word' id='word_1_249' title='bbox 143 2840 270 2888; x_wconf 90' lang='lat' dir='ltr'>enim</span> <span class='ocrx_word' id='word_1_250' title='bbox 309 2840 433 2889; x_wconf 89' lang='lat' dir='ltr'>nihil</span> <span class='ocrx_word' id='word_1_251' title='bbox 471 2841 667 2890; x_wconf 90' lang='lat' dir='ltr'>omnino</span> <span class='ocrx_word' id='word_1_252' title='bbox 708 2840 1104 2891; x_wconf 85' lang='lat' dir='ltr'>administrasset</span> <span class='ocrx_word' id='word_1_253' title='bbox 1140 2828 1403 2902; x_wconf 82' lang='lat' dir='ltr'>IohanneS,</span> <span class='ocrx_word' id='word_1_254' title='bbox 1444 2842 1717 2891; x_wconf 89' lang='lat' dir='ltr'>secundum</span> <span class='ocrx_word' id='word_1_255' title='bbox 1748 2840 1949 2890; x_wconf 85' lang='lat' dir='ltr'>Esaiam</span> 
     </span>
    </p>
   </div>
   <div class='ocr_carea' id='block_1_7' title="bbox 141 2965 1948 3163">
    <p class='ocr_par' dir='ltr' id='par_1_8' title="bbox 141 2965 1948 3163">
     <span class='ocr_line' id='line_1_35' title="bbox 284 2965 1946 3020; baseline 0 -14"><span class='ocrx_word' id='word_1_256' title='bbox 284 2965 323 3019; x_wconf 85' lang='lat'>3]</span> <span class='ocrx_word' id='word_1_257' title='bbox 357 2965 407 3006; x_wconf 87' lang='lat' dir='ltr'>cf.</span> <span class='ocrx_word' id='word_1_258' title='bbox 441 2966 540 3007; x_wconf 92' lang='lat' dir='ltr'>Luc.</span> <span class='ocrx_word' id='word_1_259' title='bbox 566 2966 604 3019; x_wconf 97' lang='lat'>5,</span> <span class='ocrx_word' id='word_1_260' title='bbox 630 2966 809 3009; x_wconf 79' lang='lat'><strong>27—32.</strong></span> <span class='ocrx_word' id='word_1_261' title='bbox 921 2967 960 3020; x_wconf 84' lang='lat'>6]</span> <span class='ocrx_word' id='word_1_262' title='bbox 995 2967 1046 3008; x_wconf 86' lang='lat' dir='ltr'>cf.</span> <span class='ocrx_word' id='word_1_263' title='bbox 1076 2967 1232 3009; x_wconf 69' lang='lat' dir='ltr'>Matth.</span> <span class='ocrx_word' id='word_1_264' title='bbox 1268 2968 1332 3017; x_wconf 83' lang='lat'>16,</span> <span class='ocrx_word' id='word_1_265' title='bbox 1368 2968 1432 3008; x_wconf 83' lang='lat'>17.</span> <span class='ocrx_word' id='word_1_266' title='bbox 1544 2967 1585 3019; x_wconf 66' lang='lat'>7]</span> <span class='ocrx_word' id='word_1_267' title='bbox 1621 2966 1674 3009; x_wconf 89' lang='lat' dir='ltr'>cf.</span> <span class='ocrx_word' id='word_1_268' title='bbox 1705 2965 1774 3006; x_wconf 86' lang='lat' dir='ltr'>Es.</span> <span class='ocrx_word' id='word_1_269' title='bbox 1805 2966 1880 3017; x_wconf 84' lang='grc'><strong>42,</strong></span> <span class='ocrx_word' id='word_1_270' title='bbox 1903 2967 1946 3014; x_wconf 89' lang='grc'>6;</span> 
     </span>
     <span class='ocr_line' id='line_1_36' title="bbox 141 3036 1948 3092; baseline 0.002 -16"><span class='ocrx_word' id='word_1_271' title='bbox 141 3037 211 3087; x_wconf 88' lang='grc'><strong>49,</strong></span> <span class='ocrx_word' id='word_1_272' title='bbox 243 3038 285 3086; x_wconf 91' lang='grc'>6;</span> <span class='ocrx_word' id='word_1_273' title='bbox 320 3037 419 3077; x_wconf 86' lang='lat' dir='ltr'>Luc.</span> <span class='ocrx_word' id='word_1_274' title='bbox 452 3038 491 3089; x_wconf 80' lang='grc'><strong>2,</strong></span> <span class='ocrx_word' id='word_1_275' title='bbox 521 3037 588 3077; x_wconf 78' lang='grc'>32.</span> <span class='ocrx_word' id='word_1_276' title='bbox 699 3038 752 3078; x_wconf 84' lang='lat' dir='ltr'>cf.</span> <span class='ocrx_word' id='word_1_277' title='bbox 783 3038 852 3079; x_wconf 86' lang='lat' dir='ltr'>Es.</span> <span class='ocrx_word' id='word_1_278' title='bbox 884 3039 951 3091; x_wconf 85' lang='lat'>51,</span> <span class='ocrx_word' id='word_1_279' title='bbox 984 3039 1021 3078; x_wconf 86' lang='lat'>5.</span> <span class='ocrx_word' id='word_1_280' title='bbox 1131 3040 1173 3092; x_wconf 80' lang='lat'>8]</span> <span class='ocrx_word' id='word_1_281' title='bbox 1205 3039 1256 3079; x_wconf 85' lang='lat' dir='ltr'>cf.</span> <span class='ocrx_word' id='word_1_282' title='bbox 1291 3038 1395 3079; x_wconf 86' lang='lat' dir='ltr'>Gen.</span> <span class='ocrx_word' id='word_1_283' title='bbox 1425 3039 1492 3087; x_wconf 86' lang='lat'>49,</span> <span class='ocrx_word' id='word_1_284' title='bbox 1528 3038 1590 3079; x_wconf 88' lang='lat'>10.</span> <span class='ocrx_word' id='word_1_285' title='bbox 1701 3038 1744 3091; x_wconf 88' lang='lat'>9]</span> <span class='ocrx_word' id='word_1_286' title='bbox 1771 3036 1822 3078; x_wconf 80' lang='lat' dir='ltr'>cf.</span> <span class='ocrx_word' id='word_1_287' title='bbox 1846 3036 1948 3080; x_wconf 87' lang='lat' dir='ltr'>Luc.</span> 
     </span>
     <span class='ocr_line' id='line_1_37' title="bbox 143 3107 1412 3163; baseline 0.002 -16"><span class='ocrx_word' id='word_1_288' title='bbox 143 3108 181 3157; x_wconf 88' lang='lat'>5,</span> <span class='ocrx_word' id='word_1_289' title='bbox 204 3108 270 3149; x_wconf 87' lang='lat'>31.</span> <span class='ocrx_word' id='word_1_290' title='bbox 352 3108 423 3160; x_wconf 83' lang='lat'>21]</span> <span class='ocrx_word' id='word_1_291' title='bbox 451 3107 503 3148; x_wconf 89' lang='lat' dir='ltr'>cf.</span> <span class='ocrx_word' id='word_1_292' title='bbox 527 3107 627 3149; x_wconf 88' lang='lat' dir='ltr'>Luc.</span> <span class='ocrx_word' id='word_1_293' title='bbox 654 3107 691 3158; x_wconf 81' lang='lat'>5,</span> <span class='ocrx_word' id='word_1_294' title='bbox 717 3108 895 3150; x_wconf 80' lang='grc'><strong>33-35.</strong></span> <span class='ocrx_word' id='word_1_295' title='bbox 984 3109 1055 3163; x_wconf 84' lang='grc'>29]</span> <span class='ocrx_word' id='word_1_296' title='bbox 1090 3109 1141 3152; x_wconf 88' lang='lat' dir='ltr'>cf.</span> <span class='ocrx_word' id='word_1_297' title='bbox 1173 3109 1243 3150; x_wconf 86' lang='lat' dir='ltr'>Es.</span> <span class='ocrx_word' id='word_1_298' title='bbox 1274 3110 1342 3161; x_wconf 87' lang='lat'>40,</span> <span class='ocrx_word' id='word_1_299' title='bbox 1375 3110 1412 3150; x_wconf 85' lang='lat'>3.</span> 
     </span>
    </p>
   </div>
   <div class='ocr_carea' id='block_1_8' title="bbox 142 3192 1949 3459">
    <p class='ocr_par' dir='ltr' id='par_1_9' title="bbox 142 3192 1949 3459">
     <span class='ocr_line' id='line_1_38' title="bbox 198 3192 1949 3248; baseline -0.001 -15"><span class='ocrx_word' id='word_1_300' title='bbox 198 3194 225 3233; x_wconf 93' lang='grc'><strong>4</strong></span> <span class='ocrx_word' id='word_1_301' title='bbox 253 3194 364 3245; x_wconf 85' lang='lat' dir='ltr'>&lt;ut&gt;</span> <span class='ocrx_word' id='word_1_302' title='bbox 393 3196 635 3234; x_wconf 77' lang='lat' dir='ltr'>extraneum</span> <span class='ocrx_word' id='word_1_303' title='bbox 655 3195 767 3247; x_wconf 77' lang='lat' dir='ltr'>fort.</span> <span class='ocrx_word' id='word_1_304' title='bbox 833 3195 858 3235; x_wconf 82' lang='lat'>8</span> <span class='ocrx_word' id='word_1_305' title='bbox 891 3195 1226 3248; x_wconf 83' lang='lat' dir='ltr'>expectationem</span> <span class='ocrx_word' id='word_1_306' title='bbox 1255 3194 1354 3235; x_wconf 77' lang='lat' dir='ltr'>Gel:</span> <span class='ocrx_word' id='word_1_307' title='bbox 1382 3194 1670 3247; x_wconf 84' lang='lat' dir='ltr'>pectationem</span> <span class='ocrx_word' id='word_1_308' title='bbox 1693 3192 1758 3242; x_wconf 90' lang='lat' dir='ltr'>M,</span> <span class='ocrx_word' id='word_1_309' title='bbox 1783 3195 1949 3245; x_wconf 85' lang='lat' dir='ltr'>specta-</span> 
     </span>
     <span class='ocr_line' id='line_1_39' title="bbox 142 3263 1949 3318; baseline -0.003 -10"><span class='ocrx_word' id='word_1_310' title='bbox 142 3265 302 3308; x_wconf 75' lang='lat' dir='ltr'>tionem</span> <span class='ocrx_word' id='word_1_311' title='bbox 330 3264 373 3306; x_wconf 83' lang='lat' dir='ltr'><em>R</em></span> <span class='ocrx_word' id='word_1_312' title='bbox 411 3287 414 3293; x_wconf 45' lang='grc' dir='ltr'>ν</span> <span class='ocrx_word' id='word_1_313' title='bbox 463 3265 510 3305; x_wconf 92' lang='grc'>11</span> <span class='ocrx_word' id='word_1_314' title='bbox 543 3265 657 3306; x_wconf 83' lang='lat' dir='ltr'>sanis</span> <span class='ocrx_word' id='word_1_315' title='bbox 677 3265 788 3318; x_wconf 73' lang='lat' dir='ltr'>fort.</span> <span class='ocrx_word' id='word_1_316' title='bbox 879 3266 929 3306; x_wconf 83' lang='lat'>18</span> <span class='ocrx_word' id='word_1_317' title='bbox 957 3266 1066 3318; x_wconf 87' lang='lat' dir='ltr'>&lt;in&gt;</span> <span class='ocrx_word' id='word_1_318' title='bbox 1092 3269 1297 3318; x_wconf 85' lang='lat' dir='ltr'>quantum</span> <span class='ocrx_word' id='word_1_319' title='bbox 1321 3265 1410 3306; x_wconf 76' lang='lat' dir='ltr'>Iun</span> <span class='ocrx_word' id='word_1_320' title='bbox 1496 3266 1549 3305; x_wconf 91' lang='grc'>22</span> <span class='ocrx_word' id='word_1_321' title='bbox 1580 3264 1785 3305; x_wconf 87' lang='lat' dir='ltr'>iohannes</span> <span class='ocrx_word' id='word_1_322' title='bbox 1809 3263 1874 3315; x_wconf 89' lang='lat' dir='ltr'>M,</span> <span class='ocrx_word' id='word_1_323' title='bbox 1906 3266 1949 3304; x_wconf 85' lang='lat' dir='ltr'>et</span> 
     </span>
     <span class='ocr_line' id='line_1_40' title="bbox 142 3334 1948 3388; baseline -0.001 -13"><span class='ocrx_word' id='word_1_324' title='bbox 142 3335 355 3375; x_wconf 85' lang='lat' dir='ltr'>Iohannes</span> <span class='ocrx_word' id='word_1_325' title='bbox 384 3334 574 3388; x_wconf 66' lang='lat' dir='ltr'>Ruulyo</span> <span class='ocrx_word' id='word_1_326' title='bbox 706 3336 759 3376; x_wconf 88' lang='grc'>24</span> <span class='ocrx_word' id='word_1_327' title='bbox 791 3335 900 3376; x_wconf 89' lang='lat' dir='ltr'>enim</span> <span class='ocrx_word' id='word_1_328' title='bbox 932 3349 1010 3377; x_wconf 89' lang='lat' dir='ltr'>om.</span> <span class='ocrx_word' id='word_1_329' title='bbox 1042 3336 1156 3376; x_wconf 83' lang='lat' dir='ltr'>Pam</span> <span class='ocrx_word' id='word_1_330' title='bbox 1284 3336 1334 3375; x_wconf 84' lang='lat'>27</span> <span class='ocrx_word' id='word_1_331' title='bbox 1370 3347 1452 3388; x_wconf 84' lang='lat' dir='ltr'>qua</span> <span class='ocrx_word' id='word_1_332' title='bbox 1481 3334 1713 3387; x_wconf 84' lang='lat' dir='ltr'>prophetae</span> <span class='ocrx_word' id='word_1_333' title='bbox 1746 3334 1948 3374; x_wconf 83' lang='lat' dir='ltr'>creatoris</span> 
     </span>
     <span class='ocr_line' id='line_1_41' title="bbox 144 3406 1058 3459; baseline 0.002 -12"><span class='ocrx_word' id='word_1_334' title='bbox 144 3406 320 3458; x_wconf 74' lang='lat' dir='ltr'>scripsi:</span> <span class='ocrx_word' id='word_1_335' title='bbox 348 3406 581 3459; x_wconf 85' lang='lat' dir='ltr'>prophetae</span> <span class='ocrx_word' id='word_1_336' title='bbox 613 3406 818 3446; x_wconf 81' lang='lat' dir='ltr'>creatoris</span> <span class='ocrx_word' id='word_1_337' title='bbox 851 3420 935 3459; x_wconf 82' lang='lat' dir='ltr'>qua</span> <span class='ocrx_word' id='word_1_338' title='bbox 963 3407 1058 3449; x_wconf 82' lang='lat' dir='ltr'>MR</span> 
     </span>
    </p>
   </div>
   <div class='ocr_carea' id='block_1_9' title="bbox 188 3488 1892 3537">
    <p class='ocr_par' dir='ltr' id='par_1_10' title="bbox 188 3488 1892 3537">
     <span class='ocr_line' id='line_1_42' title="bbox 188 3488 1892 3537; baseline -0.004 -3"><span class='ocrx_word' id='word_1_339' title='bbox 188 3505 394 3537; x_wconf 80' lang='lat' dir='ltr'>xxxxvn.</span> <span class='ocrx_word' id='word_1_340' title='bbox 417 3506 510 3536; x_wconf 69' lang='lat' dir='ltr'>Ten.</span> <span class='ocrx_word' id='word_1_341' title='bbox 534 3506 601 3536; x_wconf 86' lang='lat'>111.</span> <span class='ocrx_word' id='word_1_342' title='bbox 1838 3488 1892 3528; x_wconf 85' lang='lat'>29</span> 
     </span>
    </p>
   </div>
  </div>
 </body>
</html>
