2248 3646
255 225 361 276 484
627 219 817 272 Quinti
851 219 1080 276 Septimi
1111 217 1389 261 Florentis
1421 217 1752 261 Tertulliani

330 384 413 435 20.
455 381 581 445 Quis
623 383 794 433 autem
833 380 934 432 iste
976 381 1070 442 est,
1108 379 1195 446 qui
1226 379 1397 431 uentis
1430 381 1480 430 et
1510 378 1640 430 mari
1670 378 1920 445 imperat?
1961 379 2123 431 ‘nimi-

254 487 372 522 rum
414 485 584 522 nouus
633 468 922 520 dominator
966 469 1120 533 atque
1173 482 1447 534 possessor
1499 466 1872 518 elementorum
1922 467 2125 519 subacti

254 558 358 610 iam
398 560 451 610 et
489 556 682 610 exclusi
721 555 998 608 creatoris.’
1030 571 1130 607 non
1161 554 1235 606 ita
1267 556 1361 607 est.
1399 554 1492 607 sed
1522 557 1771 622 agnorant
1802 555 2123 607 substantiae

255 648 518 698 auctorem
567 660 737 707 suum,
787 660 916 710 quae
962 643 1173 695 famulis
1222 658 1424 710 quoque
1472 642 1581 694 eius
1630 642 1873 694 obaudire
1914 644 2124 695 consuei

254 736 453 786 uerant.
494 733 691 801 inspice
729 732 979 795 Exodum,
1019 730 1249 783 Marcion
1298 732 1468 798 aspice
1515 731 1645 782 mari
1688 730 1860 791 rubr0,
1907 731 2123 782 uastior-
2179 747 2198 778 5

256 838 409 890 super
440 822 610 874 omnia
633 824 817 889 stagna
846 820 1082 884 Iudaeae,
1108 819 1307 888 uirgam
1340 819 1510 887 Moysi
1539 819 1891 886 imperantem,
1924 821 1984 870 ut
2013 818 2125 870 fun-

257 911 396 964 ditus
413 911 735 977 proscissum
761 912 812 961 et
836 910 945 977 pari
968 909 1230 975 utrimque
1257 911 1464 975 stupore
1484 907 1794 959 discriminis
1812 907 1968 958 fixum
1987 907 2122 960 sicco

256 998 507 1066 populum
554 998 683 1065 pede
729 997 978 1049 intestino
1024 997 1208 1048 itinere
1256 996 1649 1058 transmitteret,
1698 1010 1980 1061 rursusque
2029 995 2124 1046 sub

257 1086 487 1138 eiusdem
515 1087 693 1155 uirgae
714 1087 845 1137 nutu
868 1086 1114 1137 redeunte
1138 1087 1321 1136 natura
1337 1083 1654 1152 Aegyptium
1675 1083 1951 1135 exercitum
1970 1082 2126 1134 unda-

254 1191 367 1226 rum
388 1174 661 1226 concordia
686 1174 940 1237 obrueret,
959 1173 1011 1224 in
1039 1172 1175 1238 quod
1195 1187 1322 1240 opus
1350 1174 1401 1223 et
1425 1172 1587 1223 austri
1614 1170 2049 1239 seruierunt.lege
2075 1174 2127 1223 et
2156 1185 2197 1216 10

255 1264 291 1330 †
318 1264 454 1315 sorte
479 1263 704 1315 familiae
738 1261 1050 1313 dirimendae
1082 1261 1133 1312 in
1163 1261 1388 1312 transitu
1415 1260 1522 1311 eius
1546 1259 1778 1311 Iordanis
1803 1260 2126 1311 machaeram

254 1350 441 1415 fuisse,
476 1350 627 1402 cuius
659 1349 914 1416 impetum
949 1351 1103 1415 atque
1138 1349 1414 1400 decursum
1446 1348 1597 1415 plane
1631 1351 1682 1399 et
1704 1347 1853 1399 Iesus
1886 1347 2131 1399 docuerat

256 1438 522 1506 prophetis
563 1435 1000 1489 transmeantibus
1043 1439 1194 1488 stare.
1236 1435 1376 1502 ‘quid
1418 1433 1481 1486 ad
1519 1434 1695 1487 haec'?
1737 1436 1782 1487 si
1820 1439 1943 1486 tuus
1984 1434 2127 1487 Chri-

261 1529 374 1579 stus
430 1530 528 1591 est,
577 1542 676 1578 non
725 1526 822 1578 erit
865 1525 1125 1592 potentior
1168 1524 1378 1577 famulis
1429 1523 1688 1576 creatoris,
1736 1523 1826 1575 sed
1871 1523 1951 1576 his
2001 1523 2125 1575 solis

257 1615 505 1681 exemplis
545 1630 674 1666 usus
716 1630 901 1677 essem,
945 1614 989 1665 si
1027 1629 1126 1665 non
1167 1614 1319 1664 etiam
1361 1611 1674 1679 praedicatio
1706 1612 1930 1663 marinae
1967 1611 2122 1663 istius
2155 1623 2195 1655 1⁵

254 1702 592 1770 expeditionis
663 1701 927 1755 Christum
997 1701 1377 1754 antecessisset.
1446 1717 1563 1752 nam
1626 1716 1742 1752 cum
1809 1700 2122 1763 transfretat,

253 1792 488 1857 psalmus
531 1790 861 1858 expungitur:
907 1790 1219 1854 dominuS,
1260 1789 1446 1856 inquit,
1489 1805 1684 1854 super
1723 1804 1927 1855 aquas
1968 1788 2120 1838 mul-

253 1882 383 1940 tas3
427 1894 543 1931 cum
584 1878 749 1931 undas
797 1878 915 1930 freti
962 1878 1194 1942 discutit,
1241 1876 1450 1929 Abacuc
1496 1876 1832 1944 adimpletur:
1879 1876 2121 1942 dispar-

254 1983 372 2035 gen
392 1983 432 2031 S,
472 1967 658 2033 inquit,
707 1982 908 2034 aquas
954 1966 1080 2018 itin
1100 1982 1225 2028 ere3
1275 1982 1392 2018 cum
1432 1964 1494 2016 ad
1541 1964 1704 2016 minas
1754 1964 1864 2015 eius
1913 1963 2122 2015 eliditur

252 2071 410 2119 mare,
450 2055 622 2107 Naum
665 2070 867 2122 quoque
907 2054 1219 2107 absoluitur:
1265 2053 1683 2115 comminans,
1731 2052 1916 2118 inquit,
1964 2052 2120 2103 mari
2149 2065 2193 2097 20

255 2145 320 2195 et
357 2143 735 2195 arefaciens
775 2142 967 2206 illud,
1007 2142 1191 2209 utique
1239 2157 1356 2193 cum
1402 2141 1589 2204 uentiS,
1640 2140 1826 2206 quibus
1870 2139 2119 2207 inquieta-

253 2231 422 2283 batur.
468 2231 603 2283 unde
651 2232 732 2282 uis
779 2247 954 2283 meum
1002 2230 1264 2283 uindicem
1314 2229 1611 2282 Christum?
1660 2229 1720 2280 de
1767 2228 2010 2294 exemplis
2059 2244 2119 2279 an

251 2319 315 2371 de
344 2320 612 2387 prophetis
646 2320 926 2371 creatoris?
1024 2321 1134 2387 Age
1166 2335 1318 2383 nunc,
1355 2319 1443 2386 qui
1473 2318 1750 2370 militarem
1784 2320 1836 2369 et
1866 2319 2119 2369 armatum

399 2520 440 2576 1]
475 2520 529 2563 ef.
562 2520 666 2562 Luc.
700 2520 739 2571 8,
764 2520 951 2562 22-25.
1015 2520 1056 2575 6]
1084 2520 1136 2562 cf.
1163 2520 1300 2562 Exod.
1330 2521 1395 2570 14,
1424 2520 1490 2563 16.
1516 2520 1585 2562 21.
1647 2519 1690 2573 7]
1719 2518 1770 2561 cf.
1795 2518 1929 2563 Exod.
1957 2518 2023 2569 14,
2048 2519 2117 2560 22.

251 2593 297 2648 8]
333 2593 388 2637 cf.
420 2593 555 2636 Exod.
592 2594 658 2644 14,
692 2593 760 2637 27.
876 2594 945 2648 10]
981 2593 1035 2636 cs.
1066 2593 1206 2637 Exod.
1240 2594 1306 2644 14,
1340 2594 1408 2635 21.
1523 2593 1596 2647 11]
1630 2593 1683 2635 cf.
1714 2592 1806 2633 IIII
1835 2592 1943 2647 Reg.
1976 2592 2016 2642 2,
2051 2592 2116 2634 14.

254 2667 323 2723 12]
359 2667 413 2710 cf.
444 2667 531 2710 Ios.
564 2668 606 2719 3,
642 2667 825 2710 15—17.
918 2669 987 2723 17]
1019 2668 1091 2709 ΡΒ.
1125 2667 1195 2722 28,
1221 2669 1260 2710 3.
1346 2667 1418 2723 18]
1451 2667 1564 2709 Hab.
1590 2667 1631 2721 3,
1658 2666 1724 2709 10.
1808 2666 1879 2722 20]
1904 2666 1986 2708 Na.
2016 2665 2052 2716 1,
2076 2668 2116 2707 4.

251 2742 323 2796 23]
357 2741 410 2784 cf.
440 2741 545 2784 Luc.
578 2741 620 2796 8,
651 2741 839 2784 26-39.
873 2740 924 2783 cf.
958 2741 1030 2785 Es.
1064 2741 1104 2794 8,
1136 2741 1176 2785 4.

312 2857 331 2897 1
367 2857 514 2898 uentis
546 2855 680 2907 MR¹,
715 2858 759 2899 et
789 2857 935 2899 uentis
966 2855 1077 2899 FR³
1093 2857 1229 2912 uulyo
1341 2858 1367 2898 5
1401 2854 1615 2897 exhodum
1646 2854 1707 2897 M
1820 2856 1845 2897 6
1877 2854 2031 2897 iudeae
2063 2854 2123 2896 M

253 2930 276 2971 7
309 2931 543 2985 utrumque
574 2929 635 2972 M
723 2930 770 2972 11
808 2932 852 2972 et
883 2933 1001 2972 sorte
1024 2930 1141 2984 MR,
1176 2929 1334 2972 extorri
1363 2928 1573 2972 Oehlerus
1605 2927 1744 2983 (quod
1771 2941 1844 2983 eqo
1874 2940 1967 2970 non
1986 2927 2117 2970 intel-

251 3005 387 3058 leyo).·
419 3007 569 3058 aperte
599 3007 815 3058 corrupta
843 3008 952 3046 sunt
981 3003 1091 3046 haec
1112 3003 1278 3057 u-erba;
1299 3003 1561 3046 mentionem
1581 3003 1738 3057 facere
1758 3000 1939 3044 uidetur
1962 3006 2119 3044 auctor

251 3089 414 3131 eorum,
448 3090 561 3131 quae
589 3076 715 3119 IIII
741 3076 848 3133 Rey.
883 3079 928 3131 2,
960 3079 1016 3118 14
1046 3090 1135 3131 sqq.
1166 3081 1434 3127 narrantwr,
1472 3075 1593 3118 unde
1620 3076 1757 3119 uelim
1784 3075 1982 3119 restitui:
2017 3075 2117 3131 lege

252 3153 309 3199 et,
350 3150 521 3204 sodes,
561 3149 788 3206 pallium
834 3150 1004 3204 Eliae,
1045 3149 1164 3205 Eny.
1205 3150 1270 3192 sic
1306 3149 1485 3192 restitui
1522 3149 1644 3192 uult.-
1688 3150 1788 3204 lege
1835 3151 1879 3191 et
1923 3148 2116 3205 pellem

252 3223 479 3266 ouillam
511 3223 664 3266 Eliae
755 3222 1025 3266 dirimendae
1051 3222 1266 3278 <undae>
1290 3223 1407 3278 Eny,
1437 3222 1557 3277 quod
1586 3235 1661 3279 eqo
1682 3222 1828 3277 probo
1924 3222 2117 3264 transitu

250 3296 308 3349 R,
340 3298 578 3340 transitum
609 3296 671 3341 Μ
781 3296 961 3340 Iordani
992 3296 1087 3340 Iun
1197 3297 1250 3340 18
1283 3296 1468 3340 discutit
1496 3296 1552 3347 R,
1586 3296 1779 3340 discutet
1806 3296 1867 3338 M
1978 3295 2115 3338 adim-

252 3368 397 3424 pletur
426 3369 485 3422 R,
521 3369 787 3425 adimpletus
817 3369 878 3412 M
994 3369 1250 3425 dispergens
1281 3369 1327 3412 R
1393 3370 1445 3412 21
1479 3369 1763 3425 inquiebatur
1792 3369 1854 3411 M
1913 3369 1968 3412 23
1999 3369 2114 3411 mili-

249 3445 388 3485 tarem
423 3447 463 3485 et
495 3445 712 3486 armatum
742 3443 888 3486 nescio
921 3457 983 3486 an
1005 3442 1336 3497 praedicatiua
1366 3442 1664 3497 intelleyenda
1693 3443 1786 3485 sint
