2248 3646
86 1228 125 1258 10

86 1652 121 1681 15

80 2078 120 2106 20

80 2507 117 2535 25

550 288 604 329 Π.
636 289 707 329 De
741 289 924 330 Carnis
956 291 1359 332 Resurrectione
1392 292 1569 333 18—19.
1899 296 1958 342 51

161 444 437 507 sepulcri
503 444 854 496 uobiscum.
922 449 980 493 et
1042 445 1306 494 humabo
1374 448 1686 495 mortuum
1750 462 1964 509 meum,

159 544 351 578 carnem
385 530 591 579 scilicet.
624 544 781 592 neque
815 530 942 578 enim
976 531 1165 579 animae
1197 530 1475 580 humandae
1509 532 1725 593 spatium
1767 532 1957 580 deside-

157 616 329 671 rasset,
385 616 434 663 et
485 614 526 664 si
580 615 742 662 anima
787 615 1012 663 mortalis
1060 615 1357 673 crederetur,
1411 619 1459 664 et
1505 617 1545 666 si
1591 620 1819 665 mortuus
1868 617 1962 664 dici

157 701 439 747 mereretur.
486 699 663 762 quodsi
715 703 941 750 mortuus
989 716 1166 764 corpus
1214 704 1305 760 est,
1361 716 1622 765 corporum
1670 702 1761 751 erit
1805 718 1961 751 resur-

157 784 326 843 recti0,
369 798 480 832 cum
521 784 702 833 dicitur
747 787 1072 834 mortuorum.

229 869 305 917 19.
342 869 406 917 Et
437 869 555 918 haec
587 869 755 932 itaque
787 870 1030 932 dispectio
1065 871 1201 919 tituli
1233 875 1280 919 et
1312 871 1561 934 praeconii
1599 871 1774 934 ipsiuS‚
1814 869 1961 919 fidem

156 953 329 1016 utique
370 953 634 1002 defendens
680 955 1055 1016 uocabulorum,
1103 955 1224 1004 illuc
1263 954 1498 1018 proficere
1547 955 1761 1014 debebit,
1809 959 1878 1004 ut.
1920 956 1961 1003 si

157 1037 274 1101 quid
321 1038 516 1086 diuersa
566 1054 677 1102 pars
726 1039 893 1088 turbat
940 1040 1147 1088 obtentu
1194 1039 1463 1104 figurarum
1512 1043 1560 1088 et
1607 1041 1960 1103 aenigmatum,

156 1123 493 1172 manifestiora
554 1139 776 1187 quaeque
835 1127 1152 1188 praeualeant
1212 1128 1261 1174 et
1329 1122 1424 1191 [de]
1483 1125 1685 1174 incertis
1753 1125 1963 1173 certiora

155 1208 502 1271 praescribant.
551 1210 682 1258 nacti
729 1210 857 1258 enim
907 1210 1105 1274 quidam
1147 1210 1584 1260 sollemnissimam
1625 1210 1809 1272 eloquii
1852 1225 1960 1273 pro-

154 1293 338 1357 phetici
383 1294 607 1352 formam,
655 1295 908 1358 allegorici
958 1299 1006 1344 et
1050 1295 1250 1359 figurati
1298 1296 1608 1359 plerumque,
1656 1310 1750 1344 non
1796 1298 1959 1343 tamen

154 1393 361 1440 semper,
407 1381 815 1428 resurrectionem
863 1396 1059 1444 quoque
1107 1383 1415 1430 mortuorum
1463 1381 1724 1429 manifeste
1779 1380 1959 1428 adnun-

153 1463 323 1512 tiatam
350 1463 397 1512 in
422 1464 761 1529 imaginariam
799 1466 1215 1530 significationem
1250 1465 1577 1528 distorquent,
1610 1465 1960 1514 adseuerantes

151 1549 311 1611 ipsam
351 1549 498 1597 etiam
539 1553 748 1599 mortem
781 1551 1071 1613 spiritaliter
1101 1551 1500 1615 intellegendam.
1539 1565 1634 1599 non
1667 1550 1796 1598 enim
1835 1550 1959 1598 hanc

155 1648 263 1681 esse
322 1634 371 1682 in
432 1650 566 1693 uero,
628 1651 752 1698 quae
814 1637 880 1684 sit
936 1637 984 1685 in
1048 1636 1225 1693 medio,
1282 1636 1547 1685 discidium
1603 1635 1761 1683 carnis
1812 1637 1958 1696 atque

156 1718 360 1777 animae,
415 1720 499 1768 sed
551 1720 878 1785 ignorantiam
929 1722 1021 1771 dei.
1076 1737 1161 1785 per
1207 1737 1353 1784 quam
1402 1722 1547 1769 homo
1594 1722 1820 1768 mortuus
1869 1719 1956 1768 deo

155 1819 245 1852 non
279 1805 442 1853 minus
473 1805 521 1853 in
554 1806 781 1868 sepulcro
814 1806 1022 1855 iacuerit
1056 1822 1200 1869 quam
1234 1807 1281 1854 in
1316 1821 1488 1854 errore.
1522 1806 1687 1868 itaque
1722 1807 1769 1853 et
1799 1819 1957 1852 resur-

151 1889 416 1938 rectionem
459 1905 562 1938 eam
610 1890 975 1941 uindicandam.
1025 1907 1121 1954 qua.
1167 1890 1275 1954 quis
1324 1891 1456 1938 adita
1511 1890 1717 1939 ueritate
1763 1889 1951 1938 redani-

152 1976 314 2022 matus
362 1977 409 2022 et
452 1975 793 2024 reuiuiiicatus
842 1975 929 2023 deo
977 1976 1281 2040 ignorantiae
1328 1979 1483 2023 morte
1538 1974 1766 2023 discussa
1815 1973 1956 2021 uelut

152 2059 208 2107 de
249 2060 475 2123 sepulcro
518 2060 698 2109 ueteris
730 2061 945 2110 hominis
988 2062 1219 2124 eruperit,
1262 2061 1377 2122 quia
1410 2067 1456 2108 et
1497 2060 1725 2108 dominus
1766 2057 1953 2108 scribas

149 2147 196 2192 et
241 2144 536 2195 Pharisaeos
585 2147 829 2210 sepulcris
885 2146 1125 2195 dealbatis
1189 2145 1555 2209 adaequauerit.
1612 2143 1781 2192 exinde
1836 2158 1949 2207 ergo

145 2232 552 2279 resurrectionem
606 2232 699 2280 fide
753 2236 1048 2281 consecutos
1105 2247 1215 2281 cum
1258 2231 1454 2280 domino
1506 2244 1630 2287 esse,
1680 2243 1791 2276 cum
1841 2243 1952 2276 eum

144 2314 191 2363 in
228 2315 527 2378 baptismate
565 2317 828 2367 induerint.
867 2318 960 2366 hoc
1001 2317 1212 2380 denique
1258 2316 1456 2381 ingenio
1506 2315 1653 2364 etiam
1700 2315 1748 2362 in
1789 2313 1951 2363 conlo-

145 2400 272 2463 quiis
314 2415 457 2463 saepe
497 2403 692 2450 nostros
734 2401 959 2463 decipere
1000 2404 1318 2452 consuerunt.
1369 2401 1510 2463 quasi
1557 2406 1605 2449 et
1649 2399 1747 2463 ipsi
1795 2414 1950 2447 resur-

149 2485 414 2535 rectionem
470 2487 628 2535 carnis
684 2487 966 2536 admittant.
1009 2492 1148 2546 ‘uae',
1190 2488 1438 2550 inquiunt.
1480 2487 1581 2549 ‘qui
1619 2501 1713 2534 non
1767 2484 1814 2532 in
1861 2484 1951 2531 hac

149 2585 287 2619 carne
318 2572 677 2629 resurrexerit'3
713 2588 770 2620 ne
805 2572 973 2620 statim
1005 2573 1120 2621 illos
1148 2573 1445 2635 percutiant,
1474 2572 1515 2621 si
1540 2568 1951 2620 resurrectionem

148 2657 315 2705 statim
355 2657 628 2706 abnuerint.
680 2658 829 2706 tacite
877 2661 1042 2706 autem
1091 2658 1361 2706 secundum
1413 2657 1767 2706 conscientiam
1809 2668 1952 2703 suam

286 2806 355 2858 eo]
388 2806 437 2846 cf.
470 2805 577 2859 Epir
611 2808 649 2859 4,
681 2808 753 2856 ‘22;
790 2806 877 2847 coi.
911 2807 947 2855 s,
984 2808 1019 2847 9.
1109 2808 1179 2860 21]
1216 2807 1266 2847 cf.
1299 2807 1453 2847 Mattli.
1487 2807 1552 2859 23,
1586 2808 1652 2847 27.

206 2905 222 2943 1
271 2907 478 2944 mortuum
525 2918 662 2945 meum
714 2905 813 2946 Gel:
857 2909 1067 2946 mortuam
1114 2920 1249 2946 ineam
1296 2905 1474 2946 PMFC
1571 2906 1597 2945 4
1648 2908 1860 2945 mortuum
1910 2905 1949 2943 R

149 2976 170 3015 7
204 2974 238 3014 si
271 2975 371 3027 quid
405 2975 569 3016 diuersa
601 2990 695 3029 pars
726 2977 824 3028 FB,
857 2977 891 3017 si
931 2991 1014 3030 qua
1052 2991 1148 3030 pars
1189 2977 1355 3017 diuersa
1387 2977 1484 3017 PM
1597 2977 1620 3016 9
1653 2976 1952 3029 praeualeatur

146 3044 192 3085 F
311 3047 360 3086 de
402 3046 557 3087 seclusi
598 3048 834 3099 (irrepsisse
875 3048 1050 3089 uidetur
1095 3062 1144 3089 ex
1180 3051 1237 3089 54
1284 3051 1328 3099 2)
1457 3048 1507 3088 10
1553 3047 1865 3100 praescribatur
1909 3046 1956 3086 F

151 3118 201 3157 14
232 3120 408 3158 mortem
441 3131 518 3159 om.
544 3119 586 3158 P
615 3119 734 3168 (add.
767 3120 807 3159 R
839 3133 888 3160 eoe
911 3120 1235 3172 Hirsauffl'ensi)
1342 3120 1392 3159 15
1426 3119 1648 3159 discidium
1681 3117 1830 3159 FGeZ:
1864 3116 1948 3157 dis-

148 3188 300 3228 sidium
333 3189 430 3229 PM
515 3190 563 3230 17
598 3191 789 3231 ordinem
819 3191 1047 3231 uerborum
1077 3191 1257 3232 inuerti:
1298 3192 1340 3231 in
1375 3204 1511 3231 errore
1542 3191 1720 3231 iacuerit
1750 3202 1874 3241 quam
1906 3188 1949 3228 in

149 3260 339 3312 sepulcro
375 3260 516 3301 PMF
602 3261 651 3301 18
689 3261 804 3302 adita
836 3260 909 3314 R3,
950 3262 1094 3302 addita
1126 3261 1326 3303 PMFR1
1415 3263 1464 3302 19
1495 3268 1629 3302 morte
1661 3261 1713 3301 M
1752 3260 1815 3305 (in
1844 3261 1950 3309 ras.)

150 3329 203 3369 22
235 3343 324 3370 cum
360 3343 453 3370 eum
476 3332 518 3371 in
541 3332 797 3384 baptismate
821 3333 873 3381 B,
908 3346 1000 3372 cum
1032 3333 1244 3386 baptisma.
1270 3332 1409 3373 PMF
1491 3333 1544 3372 24
1567 3332 1821 3372 consuerunt
1844 3329 1948 3378 PM,

151 3403 460 3441 consueuerunt
489 3401 535 3441 F

1843 3483 1890 3522 4
