<?xml version="1.0" encoding="UTF-8"?>
<!DOCTYPE html PUBLIC "-//W3C//DTD XHTML 1.0 Transitional//EN"
    "http://www.w3.org/TR/xhtml1/DTD/xhtml1-transitional.dtd">
<html xmlns="http://www.w3.org/1999/xhtml" xml:lang="en" lang="en">
 <head>
  <title>
</title>
<meta http-equiv="Content-Type" content="text/html;charset=utf-8" />
  <meta name='ocr-system' content='tesseract 3.04.00' />
  <meta name='ocr-capabilities' content='ocr_page ocr_carea ocr_par ocr_line ocrx_word'/>
</head>
<body>
  <div class='ocr_page' id='page_1' title='image "./quintiseptimiflo47tertuoft_0487.png"; bbox 0 0 2248 3646; ppageno 0'>
   <div class='ocr_carea' id='block_1_1' title="bbox 583 281 1996 334">
    <p class='ocr_par' dir='ltr' id='par_1_1' title="bbox 583 281 1996 334">
     <span class='ocr_line' id='line_1_1' title="bbox 583 281 1996 334; baseline 0 -12"><span class='ocrx_word' id='word_1_1' title='bbox 583 282 673 324; x_wconf 87' lang='lat' dir='ltr'>VII.</span> <span class='ocrx_word' id='word_1_2' title='bbox 705 281 967 323; x_wconf 87' lang='lat' dir='ltr'>Aduersus</span> <span class='ocrx_word' id='word_1_3' title='bbox 999 282 1310 323; x_wconf 77' lang='lat' dir='ltr'>Marcionem</span> <span class='ocrx_word' id='word_1_4' title='bbox 1341 282 1415 322; x_wconf 88' lang='lat' dir='ltr'>lib.</span> <span class='ocrx_word' id='word_1_5' title='bbox 1447 281 1630 323; x_wconf 81' lang='lat' dir='ltr'>IIII&#39;IO.</span> <span class='ocrx_word' id='word_1_6' title='bbox 1896 286 1996 334; x_wconf 79' lang='lat'>447</span> 
     </span>
    </p>
   </div>
   <div class='ocr_carea' id='block_1_2' title="bbox 193 438 2001 758">
    <p class='ocr_par' dir='ltr' id='par_1_2' title="bbox 193 438 2001 758">
     <span class='ocr_line' id='line_1_2' title="bbox 195 438 2001 502; baseline -0.002 -11"><span class='ocrx_word' id='word_1_7' title='bbox 195 440 521 491; x_wconf 83' lang='lat' dir='ltr'>Danihelem?</span> <span class='ocrx_word' id='word_1_8' title='bbox 554 454 710 488; x_wconf 88' lang='lat' dir='ltr'>nonne</span> <span class='ocrx_word' id='word_1_9' title='bbox 744 438 960 488; x_wconf 84' lang='lat' dir='ltr'>sufficiet</span> <span class='ocrx_word' id='word_1_10' title='bbox 991 439 1050 487; x_wconf 90' lang='lat' dir='ltr'>ad</span> <span class='ocrx_word' id='word_1_11' title='bbox 1080 438 1420 502; x_wconf 67' lang='lat' dir='ltr'>probationem</span> <span class='ocrx_word' id='word_1_12' title='bbox 1461 439 1738 502; x_wconf 74' lang='lat' dir='ltr'>prophetici</span> <span class='ocrx_word' id='word_1_13' title='bbox 1780 438 2001 489; x_wconf 74' lang='lat' dir='ltr'>Christi?</span> 
     </span>
     <span class='ocr_line' id='line_1_3' title="bbox 197 523 2001 587; baseline -0.001 -12"><span class='ocrx_word' id='word_1_14' title='bbox 197 542 309 575; x_wconf 89' lang='lat' dir='ltr'>cum</span> <span class='ocrx_word' id='word_1_15' title='bbox 362 525 490 574; x_wconf 88' lang='lat' dir='ltr'>enim</span> <span class='ocrx_word' id='word_1_16' title='bbox 543 524 594 572; x_wconf 88' lang='lat' dir='ltr'>id</span> <span class='ocrx_word' id='word_1_17' title='bbox 647 539 697 571; x_wconf 91' lang='lat' dir='ltr'>se</span> <span class='ocrx_word' id='word_1_18' title='bbox 751 523 981 587; x_wconf 86' lang='lat' dir='ltr'>appellat,</span> <span class='ocrx_word' id='word_1_19' title='bbox 1038 523 1168 587; x_wconf 89' lang='lat' dir='ltr'>quod</span> <span class='ocrx_word' id='word_1_20' title='bbox 1221 523 1268 571; x_wconf 91' lang='lat' dir='ltr'>in</span> <span class='ocrx_word' id='word_1_21' title='bbox 1318 523 1571 573; x_wconf 77' lang='lat' dir='ltr'>Christum</span> <span class='ocrx_word' id='word_1_22' title='bbox 1624 524 2001 587; x_wconf 80' lang='lat' dir='ltr'>praedicabatur</span> 
     </span>
     <span class='ocr_line' id='line_1_4' title="bbox 196 608 1997 673; baseline -0.001 -13"><span class='ocrx_word' id='word_1_23' title='bbox 196 610 446 669; x_wconf 87' lang='lat' dir='ltr'>creatoris,</span> <span class='ocrx_word' id='word_1_24' title='bbox 501 608 605 657; x_wconf 91' lang='lat' dir='ltr'>sine</span> <span class='ocrx_word' id='word_1_25' title='bbox 661 608 809 657; x_wconf 91' lang='lat' dir='ltr'>dubio</span> <span class='ocrx_word' id='word_1_26' title='bbox 862 608 1030 672; x_wconf 90' lang='lat' dir='ltr'>ipsum</span> <span class='ocrx_word' id='word_1_27' title='bbox 1085 623 1135 657; x_wconf 92' lang='lat' dir='ltr'>se</span> <span class='ocrx_word' id='word_1_28' title='bbox 1190 610 1409 671; x_wconf 86' lang='lat' dir='ltr'>praestat</span> <span class='ocrx_word' id='word_1_29' title='bbox 1459 608 1703 673; x_wconf 81' lang='lat' dir='ltr'>intellegi,</span> <span class='ocrx_word' id='word_1_30' title='bbox 1757 610 1803 657; x_wconf 90' lang='lat' dir='ltr'>in</span> <span class='ocrx_word' id='word_1_31' title='bbox 1853 625 1997 672; x_wconf 88' lang='lat' dir='ltr'>quem</span> 
     </span>
     <span class='ocr_line' id='line_1_5' title="bbox 193 692 2000 758; baseline -0.001 -14"><span class='ocrx_word' id='word_1_32' title='bbox 193 694 583 758; x_wconf 72' lang='lat' dir='ltr'>praedicabatur.</span> <span class='ocrx_word' id='word_1_33' title='bbox 638 693 895 742; x_wconf 87' lang='lat' dir='ltr'>nominum</span> <span class='ocrx_word' id='word_1_34' title='bbox 942 692 1224 742; x_wconf 88' lang='lat' dir='ltr'>communio</span> <span class='ocrx_word' id='word_1_35' title='bbox 1273 693 1496 755; x_wconf 82' lang='lat' dir='ltr'>simplex,</span> <span class='ocrx_word' id='word_1_36' title='bbox 1555 694 1595 741; x_wconf 91' lang='lat' dir='ltr'>si</span> <span class='ocrx_word' id='word_1_37' title='bbox 1642 694 1786 748; x_wconf 80' lang='lat' dir='ltr'>forte,</span> <span class='ocrx_word' id='word_1_38' title='bbox 1841 694 2000 743; x_wconf 85' lang='lat' dir='ltr'>uideri</span> 
     </span>
    </p>
   </div>
   <div class='ocr_carea' id='block_1_3' title="bbox 150 777 2003 844">
    <p class='ocr_par' dir='ltr' id='par_1_3' title="bbox 150 777 2003 844">
     <span class='ocr_line' id='line_1_6' title="bbox 150 777 2003 844; baseline 0.001 -17"><span class='ocrx_word' id='word_1_39' title='bbox 150 799 166 827; x_wconf 75' lang='grc' dir='ltr'>ε,</span> <span class='ocrx_word' id='word_1_40' title='bbox 193 782 375 844; x_wconf 81' lang='lat' dir='ltr'>potest,</span> <span class='ocrx_word' id='word_1_41' title='bbox 395 808 462 813; x_wconf 96' lang='lat'>—</span> <span class='ocrx_word' id='word_1_42' title='bbox 481 780 530 827; x_wconf 89' lang='lat' dir='ltr'>et</span> <span class='ocrx_word' id='word_1_43' title='bbox 545 780 709 831; x_wconf 87' lang='lat' dir='ltr'>tamen</span> <span class='ocrx_word' id='word_1_44' title='bbox 726 793 815 827; x_wconf 89' lang='lat' dir='ltr'>nec</span> <span class='ocrx_word' id='word_1_45' title='bbox 835 777 1086 827; x_wconf 82' lang='lat' dir='ltr'>Christum</span> <span class='ocrx_word' id='word_1_46' title='bbox 1107 792 1194 826; x_wconf 90' lang='lat' dir='ltr'>nec</span> <span class='ocrx_word' id='word_1_47' title='bbox 1211 778 1372 827; x_wconf 89' lang='lat' dir='ltr'>lesum</span> <span class='ocrx_word' id='word_1_48' title='bbox 1393 778 1556 842; x_wconf 83' lang='lat' dir='ltr'>&lt;eum&gt;</span> <span class='ocrx_word' id='word_1_49' title='bbox 1574 779 1740 827; x_wconf 88' lang='lat' dir='ltr'>uocari</span> <span class='ocrx_word' id='word_1_50' title='bbox 1766 779 2003 828; x_wconf 59' lang='lat' dir='ltr'>debuisse&gt;</span> 
     </span>
    </p>
   </div>
   <div class='ocr_carea' id='block_1_4' title="bbox 124 1223 163 1252">
    <p class='ocr_par' dir='ltr' id='par_1_4' title="bbox 124 1223 163 1252">
     <span class='ocr_line' id='line_1_7' title="bbox 124 1223 163 1252; baseline 0.026 -1"><span class='ocrx_word' id='word_1_51' title='bbox 124 1223 163 1252; x_wconf 89' lang='lat'>10</span> 
     </span>
    </p>
   </div>
   <div class='ocr_carea' id='block_1_5' title="bbox 122 1646 160 1676">
    <p class='ocr_par' dir='ltr' id='par_1_5' title="bbox 122 1646 160 1676">
     <span class='ocr_line' id='line_1_8' title="bbox 122 1646 160 1676; baseline 0.053 -2"><span class='ocrx_word' id='word_1_52' title='bbox 122 1646 160 1676; x_wconf 82' lang='lat'>15</span> 
     </span>
    </p>
   </div>
   <div class='ocr_carea' id='block_1_6' title="bbox 122 2068 162 2098">
    <p class='ocr_par' dir='ltr' id='par_1_6' title="bbox 122 2068 162 2098">
     <span class='ocr_line' id='line_1_9' title="bbox 122 2068 162 2098; baseline -0.025 0"><span class='ocrx_word' id='word_1_53' title='bbox 122 2068 162 2098; x_wconf 85' lang='lat'>20</span> 
     </span>
    </p>
   </div>
   <div class='ocr_carea' id='block_1_7' title="bbox 188 862 2006 2376">
    <p class='ocr_par' dir='ltr' id='par_1_7' title="bbox 188 862 2006 2376">
     <span class='ocr_line' id='line_1_10' title="bbox 194 862 2002 927; baseline -0.001 -13"><span class='ocrx_word' id='word_1_54' title='bbox 194 864 504 914; x_wconf 84' lang='lat' dir='ltr'>defendimus</span> <span class='ocrx_word' id='word_1_55' title='bbox 525 863 830 912; x_wconf 86' lang='lat' dir='ltr'>diuersitatis</span> <span class='ocrx_word' id='word_1_56' title='bbox 850 862 1187 912; x_wconf 86' lang='lat' dir='ltr'>condicionem</span> <span class='ocrx_word' id='word_1_57' title='bbox 1204 865 1428 912; x_wconf 90' lang='lat' dir='ltr'>tenentes</span> <span class='ocrx_word' id='word_1_58' title='bbox 1446 893 1512 897; x_wconf 97' lang='lat'><strong>—</strong></span> <span class='ocrx_word' id='word_1_59' title='bbox 1531 863 1795 927; x_wconf 81' lang='lat' dir='ltr'>appellatio</span> <span class='ocrx_word' id='word_1_60' title='bbox 1816 867 2002 925; x_wconf 85' lang='lat' dir='ltr'>autem,</span> 
     </span>
     <span class='ocr_line' id='line_1_11' title="bbox 193 946 1999 1014; baseline 0.001 -17"><span class='ocrx_word' id='word_1_61' title='bbox 193 950 325 1014; x_wconf 87' lang='lat' dir='ltr'>quod</span> <span class='ocrx_word' id='word_1_62' title='bbox 365 951 441 997; x_wconf 91' lang='lat' dir='ltr'>est</span> <span class='ocrx_word' id='word_1_63' title='bbox 484 947 618 997; x_wconf 89' lang='lat' dir='ltr'>filius</span> <span class='ocrx_word' id='word_1_64' title='bbox 664 946 896 1007; x_wconf 91' lang='lat' dir='ltr'>hominis,</span> <span class='ocrx_word' id='word_1_65' title='bbox 942 947 990 996; x_wconf 92' lang='lat' dir='ltr'>in</span> <span class='ocrx_word' id='word_1_66' title='bbox 1031 949 1269 1011; x_wconf 88' lang='lat' dir='ltr'>quantum</span> <span class='ocrx_word' id='word_1_67' title='bbox 1312 963 1364 996; x_wconf 83' lang='lat' dir='ltr'>ex</span> <span class='ocrx_word' id='word_1_68' title='bbox 1404 947 1644 997; x_wconf 87' lang='lat' dir='ltr'>accidenti</span> <span class='ocrx_word' id='word_1_69' title='bbox 1685 949 1901 1009; x_wconf 88' lang='lat' dir='ltr'>obuenit,</span> <span class='ocrx_word' id='word_1_70' title='bbox 1947 949 1999 998; x_wconf 90' lang='lat' dir='ltr'>in</span> 
     </span>
     <span class='ocr_line' id='line_1_12' title="bbox 188 1033 1998 1096; baseline -0.001 -12"><span class='ocrx_word' id='word_1_71' title='bbox 188 1038 384 1085; x_wconf 85' lang='lat' dir='ltr'>tantum</span> <span class='ocrx_word' id='word_1_72' title='bbox 426 1033 626 1083; x_wconf 88' lang='lat' dir='ltr'>difficile</span> <span class='ocrx_word' id='word_1_73' title='bbox 666 1035 756 1091; x_wconf 85' lang='lat' dir='ltr'>est,</span> <span class='ocrx_word' id='word_1_74' title='bbox 800 1037 857 1082; x_wconf 88' lang='lat' dir='ltr'>ut</span> <span class='ocrx_word' id='word_1_75' title='bbox 896 1037 945 1082; x_wconf 88' lang='lat' dir='ltr'>et</span> <span class='ocrx_word' id='word_1_76' title='bbox 982 1034 1090 1096; x_wconf 91' lang='lat' dir='ltr'>ipsa</span> <span class='ocrx_word' id='word_1_77' title='bbox 1129 1038 1388 1083; x_wconf 80' lang='lat' dir='ltr'>concurrat</span> <span class='ocrx_word' id='word_1_78' title='bbox 1427 1049 1575 1096; x_wconf 88' lang='lat' dir='ltr'>super</span> <span class='ocrx_word' id='word_1_79' title='bbox 1612 1035 1823 1084; x_wconf 86' lang='lat' dir='ltr'>nominis</span> <span class='ocrx_word' id='word_1_80' title='bbox 1865 1050 1998 1084; x_wconf 89' lang='lat' dir='ltr'>com-</span> 
     </span>
     <span class='ocr_line' id='line_1_13' title="bbox 191 1118 1995 1183; baseline -0.001 -13"><span class='ocrx_word' id='word_1_81' title='bbox 191 1121 491 1178; x_wconf 79' lang='lat' dir='ltr'>munionem,</span> <span class='ocrx_word' id='word_1_82' title='bbox 534 1148 596 1154; x_wconf 93' lang='lat'>—</span> <span class='ocrx_word' id='word_1_83' title='bbox 638 1134 691 1168; x_wconf 86' lang='lat' dir='ltr'>ex</span> <span class='ocrx_word' id='word_1_84' title='bbox 731 1118 973 1167; x_wconf 89' lang='lat' dir='ltr'>accidenti</span> <span class='ocrx_word' id='word_1_85' title='bbox 1012 1119 1140 1166; x_wconf 88' lang='lat' dir='ltr'>enim</span> <span class='ocrx_word' id='word_1_86' title='bbox 1180 1119 1377 1183; x_wconf 89' lang='lat' dir='ltr'>proprio</span> <span class='ocrx_word' id='word_1_87' title='bbox 1412 1121 1489 1168; x_wconf 82' lang='lat' dir='ltr'>est</span> <span class='ocrx_word' id='word_1_88' title='bbox 1525 1148 1592 1153; x_wconf 82' lang='lat'><strong>—</strong></span> <span class='ocrx_word' id='word_1_89' title='bbox 1631 1120 1842 1169; x_wconf 79' lang='lat' dir='ltr'>maxime</span> <span class='ocrx_word' id='word_1_90' title='bbox 1883 1136 1995 1168; x_wconf 87' lang='lat' dir='ltr'>cum</span> 
     </span>
     <span class='ocr_line' id='line_1_14' title="bbox 193 1201 1996 1270; baseline -0.001 -15"><span class='ocrx_word' id='word_1_91' title='bbox 193 1221 342 1255; x_wconf 87' lang='lat' dir='ltr'>causa</span> <span class='ocrx_word' id='word_1_92' title='bbox 380 1220 472 1254; x_wconf 92' lang='lat' dir='ltr'>non</span> <span class='ocrx_word' id='word_1_93' title='bbox 514 1204 760 1260; x_wconf 88' lang='lat' dir='ltr'>conuenit,</span> <span class='ocrx_word' id='word_1_94' title='bbox 802 1201 1008 1270; x_wconf 82' lang='lat' dir='ltr'>[eadem]</span> <span class='ocrx_word' id='word_1_95' title='bbox 1048 1219 1134 1266; x_wconf 87' lang='lat' dir='ltr'>per</span> <span class='ocrx_word' id='word_1_96' title='bbox 1173 1220 1318 1266; x_wconf 85' lang='lat' dir='ltr'>quam</span> <span class='ocrx_word' id='word_1_97' title='bbox 1360 1204 1592 1253; x_wconf 88' lang='lat' dir='ltr'>deueniat</span> <span class='ocrx_word' id='word_1_98' title='bbox 1636 1205 1682 1253; x_wconf 88' lang='lat' dir='ltr'>in</span> <span class='ocrx_word' id='word_1_99' title='bbox 1726 1206 1996 1254; x_wconf 88' lang='lat' dir='ltr'>communi-</span> 
     </span>
     <span class='ocr_line' id='line_1_15' title="bbox 195 1286 2002 1356; baseline -0.001 -15"><span class='ocrx_word' id='word_1_100' title='bbox 195 1307 349 1341; x_wconf 88' lang='lat' dir='ltr'>onem.</span> <span class='ocrx_word' id='word_1_101' title='bbox 389 1293 535 1352; x_wconf 88' lang='lat' dir='ltr'>atque</span> <span class='ocrx_word' id='word_1_102' title='bbox 576 1289 712 1348; x_wconf 85' lang='lat' dir='ltr'>adeO,</span> <span class='ocrx_word' id='word_1_103' title='bbox 756 1286 817 1356; x_wconf 86' lang='lat' dir='ltr'>[si</span> <span class='ocrx_word' id='word_1_104' title='bbox 857 1291 905 1337; x_wconf 91' lang='lat' dir='ltr'>et</span> <span class='ocrx_word' id='word_1_105' title='bbox 945 1288 1171 1339; x_wconf 86' lang='lat' dir='ltr'>Christus</span> <span class='ocrx_word' id='word_1_106' title='bbox 1210 1289 1479 1338; x_wconf 89' lang='lat' dir='ltr'>Marcionis</span> <span class='ocrx_word' id='word_1_107' title='bbox 1518 1293 1664 1339; x_wconf 90' lang='lat' dir='ltr'>natus</span> <span class='ocrx_word' id='word_1_108' title='bbox 1706 1305 1761 1339; x_wconf 81' lang='lat' dir='ltr'>ex</span> <span class='ocrx_word' id='word_1_109' title='bbox 1799 1291 2002 1339; x_wconf 87' lang='lat' dir='ltr'>homine</span> 
     </span>
     <span class='ocr_line' id='line_1_16' title="bbox 193 1375 2004 1438; baseline 0.001 -13"><span class='ocrx_word' id='word_1_110' title='bbox 193 1377 452 1436; x_wconf 85' lang='lat' dir='ltr'>diceretur,</span> <span class='ocrx_word' id='word_1_111' title='bbox 491 1377 611 1423; x_wconf 85' lang='lat' dir='ltr'>tunc</span> <span class='ocrx_word' id='word_1_112' title='bbox 650 1376 699 1423; x_wconf 91' lang='lat' dir='ltr'>et</span> <span class='ocrx_word' id='word_1_113' title='bbox 735 1375 843 1437; x_wconf 88' lang='lat' dir='ltr'>ipse</span> <span class='ocrx_word' id='word_1_114' title='bbox 884 1378 1078 1438; x_wconf 89' lang='lat' dir='ltr'>caperet</span> <span class='ocrx_word' id='word_1_115' title='bbox 1110 1375 1456 1438; x_wconf 78' lang='lat' dir='ltr'>appellationis</span> <span class='ocrx_word' id='word_1_116' title='bbox 1491 1377 1908 1424; x_wconf 85' lang='lat' dir='ltr'>communionem.</span> <span class='ocrx_word' id='word_1_117' title='bbox 1951 1379 2004 1428; x_wconf 81' lang='lat' dir='ltr'>et</span> 
     </span>
     <span class='ocr_line' id='line_1_17' title="bbox 192 1458 1996 1519; baseline -0.001 -8"><span class='ocrx_word' id='word_1_118' title='bbox 192 1464 358 1511; x_wconf 87' lang='lat' dir='ltr'>essent</span> <span class='ocrx_word' id='word_1_119' title='bbox 403 1461 498 1510; x_wconf 84' lang='lat' dir='ltr'>duo</span> <span class='ocrx_word' id='word_1_120' title='bbox 546 1459 634 1508; x_wconf 90' lang='lat' dir='ltr'>filii</span> <span class='ocrx_word' id='word_1_121' title='bbox 679 1459 909 1519; x_wconf 78' lang='lat' dir='ltr'>hominiS,</span> <span class='ocrx_word' id='word_1_122' title='bbox 959 1459 1089 1508; x_wconf 89' lang='lat' dir='ltr'>sicut</span> <span class='ocrx_word' id='word_1_123' title='bbox 1135 1461 1184 1508; x_wconf 92' lang='lat' dir='ltr'>et</span> <span class='ocrx_word' id='word_1_124' title='bbox 1230 1459 1325 1508; x_wconf 90' lang='lat' dir='ltr'>duo</span> <span class='ocrx_word' id='word_1_125' title='bbox 1377 1458 1562 1509; x_wconf 86' lang='lat' dir='ltr'>Christi</span> <span class='ocrx_word' id='word_1_126' title='bbox 1608 1463 1657 1509; x_wconf 90' lang='lat' dir='ltr'>et</span> <span class='ocrx_word' id='word_1_127' title='bbox 1703 1460 1797 1510; x_wconf 86' lang='lat' dir='ltr'>duo</span> <span class='ocrx_word' id='word_1_128' title='bbox 1837 1462 1996 1511; x_wconf 80' lang='lat' dir='ltr'>Iesus,</span> 
     </span>
     <span class='ocr_line' id='line_1_18' title="bbox 192 1544 2002 1613; baseline -0.001 -18"><span class='ocrx_word' id='word_1_129' title='bbox 192 1544 326 1613; x_wconf 81' lang='lat' dir='ltr'>ergo]</span> <span class='ocrx_word' id='word_1_130' title='bbox 367 1561 480 1595; x_wconf 89' lang='lat' dir='ltr'>cum</span> <span class='ocrx_word' id='word_1_131' title='bbox 521 1545 786 1609; x_wconf 86' lang='lat' dir='ltr'>appellatio</span> <span class='ocrx_word' id='word_1_132' title='bbox 826 1546 1020 1608; x_wconf 90' lang='lat' dir='ltr'>propria</span> <span class='ocrx_word' id='word_1_133' title='bbox 1061 1547 1136 1594; x_wconf 87' lang='lat' dir='ltr'>est</span> <span class='ocrx_word' id='word_1_134' title='bbox 1175 1545 1296 1605; x_wconf 80' lang='lat' dir='ltr'>eiuS,</span> <span class='ocrx_word' id='word_1_135' title='bbox 1342 1546 1391 1594; x_wconf 89' lang='lat' dir='ltr'>in</span> <span class='ocrx_word' id='word_1_136' title='bbox 1439 1560 1534 1609; x_wconf 81' lang='lat' dir='ltr'>quo</span> <span class='ocrx_word' id='word_1_137' title='bbox 1582 1546 1732 1595; x_wconf 92' lang='lat' dir='ltr'>habet</span> <span class='ocrx_word' id='word_1_138' title='bbox 1778 1561 2002 1606; x_wconf 84' lang='lat' dir='ltr'>causam,</span> 
     </span>
     <span class='ocr_line' id='line_1_19' title="bbox 194 1629 1997 1698; baseline 0 -18"><span class='ocrx_word' id='word_1_139' title='bbox 194 1632 234 1680; x_wconf 94' lang='lat' dir='ltr'>si</span> <span class='ocrx_word' id='word_1_140' title='bbox 275 1634 324 1680; x_wconf 88' lang='lat' dir='ltr'>et</span> <span class='ocrx_word' id='word_1_141' title='bbox 363 1631 446 1679; x_wconf 89' lang='lat' dir='ltr'>alii</span> <span class='ocrx_word' id='word_1_142' title='bbox 477 1630 773 1690; x_wconf 88' lang='lat' dir='ltr'>uindicetur,</span> <span class='ocrx_word' id='word_1_143' title='bbox 805 1629 853 1678; x_wconf 89' lang='lat' dir='ltr'>in</span> <span class='ocrx_word' id='word_1_144' title='bbox 889 1645 984 1693; x_wconf 91' lang='lat' dir='ltr'>quo</span> <span class='ocrx_word' id='word_1_145' title='bbox 1019 1633 1094 1679; x_wconf 89' lang='lat' dir='ltr'>est</span> <span class='ocrx_word' id='word_1_146' title='bbox 1125 1631 1405 1680; x_wconf 89' lang='lat' dir='ltr'>communio</span> <span class='ocrx_word' id='word_1_147' title='bbox 1439 1631 1667 1690; x_wconf 79' lang='lat' dir='ltr'>nominiS,</span> <span class='ocrx_word' id='word_1_148' title='bbox 1702 1630 1813 1698; x_wconf 89' lang='lat' dir='ltr'>[non</span> <span class='ocrx_word' id='word_1_149' title='bbox 1848 1632 1997 1680; x_wconf 88' lang='lat' dir='ltr'>etiam</span> 
     </span>
     <span class='ocr_line' id='line_1_20' title="bbox 193 1713 1996 1782; baseline 0 -17"><span class='ocrx_word' id='word_1_150' title='bbox 193 1713 560 1782; x_wconf 81' lang='lat' dir='ltr'>appellationis]</span> <span class='ocrx_word' id='word_1_151' title='bbox 604 1717 834 1779; x_wconf 90' lang='lat' dir='ltr'>suspecta</span> <span class='ocrx_word' id='word_1_152' title='bbox 881 1715 973 1763; x_wconf 89' lang='lat' dir='ltr'>iam</span> <span class='ocrx_word' id='word_1_153' title='bbox 1022 1714 1078 1764; x_wconf 84' lang='lat' dir='ltr'>fit</span> <span class='ocrx_word' id='word_1_154' title='bbox 1124 1716 1403 1764; x_wconf 89' lang='lat' dir='ltr'>communio</span> <span class='ocrx_word' id='word_1_155' title='bbox 1450 1716 1665 1765; x_wconf 89' lang='lat' dir='ltr'>nominis</span> <span class='ocrx_word' id='word_1_156' title='bbox 1714 1732 1911 1780; x_wconf 84' lang='lat' dir='ltr'>quoque</span> <span class='ocrx_word' id='word_1_157' title='bbox 1949 1718 1996 1765; x_wconf 88' lang='lat' dir='ltr'>in</span> 
     </span>
     <span class='ocr_line' id='line_1_21' title="bbox 193 1800 1998 1866; baseline -0.001 -15"><span class='ocrx_word' id='word_1_158' title='bbox 193 1817 264 1862; x_wconf 92' lang='lat' dir='ltr'>e0,</span> <span class='ocrx_word' id='word_1_159' title='bbox 328 1802 407 1850; x_wconf 86' lang='lat' dir='ltr'>cui</span> <span class='ocrx_word' id='word_1_160' title='bbox 466 1800 748 1850; x_wconf 86' lang='lat' dir='ltr'>uindicatur</span> <span class='ocrx_word' id='word_1_161' title='bbox 807 1800 909 1849; x_wconf 90' lang='lat' dir='ltr'>sine</span> <span class='ocrx_word' id='word_1_162' title='bbox 971 1815 1119 1849; x_wconf 85' lang='lat' dir='ltr'>causa</span> <span class='ocrx_word' id='word_1_163' title='bbox 1179 1801 1459 1850; x_wconf 82' lang='lat' dir='ltr'>communio</span> <span class='ocrx_word' id='word_1_164' title='bbox 1522 1802 1886 1866; x_wconf 76' lang='lat' dir='ltr'>appellationis,</span> <span class='ocrx_word' id='word_1_165' title='bbox 1949 1806 1998 1850; x_wconf 87' lang='lat' dir='ltr'>et</span> 
     </span>
     <span class='ocr_line' id='line_1_22' title="bbox 193 1882 1995 1953; baseline 0 -17"><span class='ocrx_word' id='word_1_166' title='bbox 193 1887 430 1950; x_wconf 83' lang='lat' dir='ltr'>sequitur,</span> <span class='ocrx_word' id='word_1_167' title='bbox 461 1889 518 1935; x_wconf 90' lang='lat' dir='ltr'>ut</span> <span class='ocrx_word' id='word_1_168' title='bbox 547 1901 675 1935; x_wconf 89' lang='lat' dir='ltr'>unus</span> <span class='ocrx_word' id='word_1_169' title='bbox 717 1882 981 1953; x_wconf 74' lang='lat' dir='ltr'>[idemque]</span> <span class='ocrx_word' id='word_1_170' title='bbox 1024 1885 1252 1936; x_wconf 88' lang='lat' dir='ltr'>credatur</span> <span class='ocrx_word' id='word_1_171' title='bbox 1291 1887 1373 1950; x_wconf 90' lang='lat' dir='ltr'>qui</span> <span class='ocrx_word' id='word_1_172' title='bbox 1407 1890 1452 1935; x_wconf 81' lang='lat' dir='ltr'>et</span> <span class='ocrx_word' id='word_1_173' title='bbox 1492 1887 1705 1936; x_wconf 88' lang='lat' dir='ltr'>nominis</span> <span class='ocrx_word' id='word_1_174' title='bbox 1746 1889 1795 1936; x_wconf 88' lang='lat' dir='ltr'>et</span> <span class='ocrx_word' id='word_1_175' title='bbox 1833 1888 1995 1952; x_wconf 89' lang='lat' dir='ltr'>appel-</span> 
     </span>
     <span class='ocr_line' id='line_1_23' title="bbox 190 1971 2006 2036; baseline 0.001 -16"><span class='ocrx_word' id='word_1_176' title='bbox 190 1971 388 2021; x_wconf 86' lang='lat' dir='ltr'>lationis</span> <span class='ocrx_word' id='word_1_177' title='bbox 423 1971 648 2035; x_wconf 87' lang='lat' dir='ltr'>capacior</span> <span class='ocrx_word' id='word_1_178' title='bbox 677 1971 945 2031; x_wconf 87' lang='lat' dir='ltr'>inuenitur,</span> <span class='ocrx_word' id='word_1_179' title='bbox 981 1971 1254 2020; x_wconf 90' lang='lat' dir='ltr'>dum-alter</span> <span class='ocrx_word' id='word_1_180' title='bbox 1285 1972 1577 2031; x_wconf 80' lang='lat' dir='ltr'>excluditur,</span> <span class='ocrx_word' id='word_1_181' title='bbox 1612 1973 1692 2036; x_wconf 89' lang='lat' dir='ltr'>qui</span> <span class='ocrx_word' id='word_1_182' title='bbox 1728 1989 1821 2022; x_wconf 91' lang='lat' dir='ltr'>non</span> <span class='ocrx_word' id='word_1_183' title='bbox 1848 1973 2006 2022; x_wconf 38' lang='lat' dir='ltr'>habet.</span> 
     </span>
     <span class='ocr_line' id='line_1_24' title="bbox 194 2056 2003 2121; baseline 0.001 -16"><span class='ocrx_word' id='word_1_184' title='bbox 194 2056 537 2121; x_wconf 82' lang='lat' dir='ltr'>appellationis</span> <span class='ocrx_word' id='word_1_185' title='bbox 563 2057 975 2114; x_wconf 76' lang='lat' dir='ltr'>communionem,</span> <span class='ocrx_word' id='word_1_186' title='bbox 1003 2072 1171 2106; x_wconf 88' lang='lat' dir='ltr'>carens</span> <span class='ocrx_word' id='word_1_187' title='bbox 1199 2072 1359 2109; x_wconf 86' lang='lat' dir='ltr'>causa.</span> <span class='ocrx_word' id='word_1_188' title='bbox 1386 2073 1475 2106; x_wconf 88' lang='lat' dir='ltr'>nec</span> <span class='ocrx_word' id='word_1_189' title='bbox 1500 2058 1626 2107; x_wconf 90' lang='lat' dir='ltr'>alius</span> <span class='ocrx_word' id='word_1_190' title='bbox 1654 2058 1746 2107; x_wconf 86' lang='lat' dir='ltr'>erit</span> <span class='ocrx_word' id='word_1_191' title='bbox 1771 2058 2003 2121; x_wconf 86' lang='lat' dir='ltr'>capacior·</span> 
     </span>
     <span class='ocr_line' id='line_1_25' title="bbox 191 2142 1994 2207; baseline 0.001 -17"><span class='ocrx_word' id='word_1_192' title='bbox 191 2142 453 2205; x_wconf 86' lang='lat' dir='ltr'>utriusque</span> <span class='ocrx_word' id='word_1_193' title='bbox 488 2157 632 2207; x_wconf 84' lang='lat' dir='ltr'>quam</span> <span class='ocrx_word' id='word_1_194' title='bbox 666 2142 750 2204; x_wconf 92' lang='lat' dir='ltr'>qui</span> <span class='ocrx_word' id='word_1_195' title='bbox 780 2142 913 2205; x_wconf 88' lang='lat' dir='ltr'>prior</span> <span class='ocrx_word' id='word_1_196' title='bbox 937 2145 985 2191; x_wconf 88' lang='lat' dir='ltr'>et</span> <span class='ocrx_word' id='word_1_197' title='bbox 1008 2157 1184 2191; x_wconf 92' lang='lat' dir='ltr'>nomen</span> <span class='ocrx_word' id='word_1_198' title='bbox 1211 2142 1416 2192; x_wconf 77' lang='lat' dir='ltr'>sortitus</span> <span class='ocrx_word' id='word_1_199' title='bbox 1445 2145 1520 2191; x_wconf 87' lang='lat' dir='ltr'>est</span> <span class='ocrx_word' id='word_1_200' title='bbox 1547 2142 1730 2192; x_wconf 83' lang='lat' dir='ltr'>Christi</span> <span class='ocrx_word' id='word_1_201' title='bbox 1758 2146 1804 2192; x_wconf 85' lang='lat' dir='ltr'>et</span> <span class='ocrx_word' id='word_1_202' title='bbox 1831 2143 1994 2207; x_wconf 88' lang='lat' dir='ltr'>appel-</span> 
     </span>
     <span class='ocr_line' id='line_1_26' title="bbox 191 2226 1992 2284; baseline 0.002 -10"><span class='ocrx_word' id='word_1_203' title='bbox 191 2227 425 2275; x_wconf 85' lang='lat' dir='ltr'>lationem</span> <span class='ocrx_word' id='word_1_204' title='bbox 466 2226 556 2275; x_wconf 89' lang='lat' dir='ltr'>filii</span> <span class='ocrx_word' id='word_1_205' title='bbox 595 2226 824 2284; x_wconf 77' lang='lat' dir='ltr'>hominiS,</span> <span class='ocrx_word' id='word_1_206' title='bbox 865 2227 1006 2276; x_wconf 90' lang='lat' dir='ltr'>Iesus</span> <span class='ocrx_word' id='word_1_207' title='bbox 1054 2227 1248 2276; x_wconf 89' lang='lat' dir='ltr'>scilicet</span> <span class='ocrx_word' id='word_1_208' title='bbox 1295 2228 1543 2277; x_wconf 75' lang='lat' dir='ltr'>creatoris</span> <span class='ocrx_word' id='word_1_209' title='bbox 1593 2228 1673 2277; x_wconf 91' lang='lat' dir='ltr'>hic</span> <span class='ocrx_word' id='word_1_210' title='bbox 1723 2228 1814 2276; x_wconf 87' lang='lat' dir='ltr'>erit</span> <span class='ocrx_word' id='word_1_211' title='bbox 1852 2229 1992 2277; x_wconf 85' lang='lat' dir='ltr'>uisus</span> 
     </span>
     <span class='ocr_line' id='line_1_27' title="bbox 191 2311 1993 2376; baseline 0.001 -16"><span class='ocrx_word' id='word_1_212' title='bbox 191 2311 463 2376; x_wconf 79' lang='lat' dir='ltr'>Babylonio</span> <span class='ocrx_word' id='word_1_213' title='bbox 483 2312 586 2376; x_wconf 84' lang='lat' dir='ltr'>regi</span> <span class='ocrx_word' id='word_1_214' title='bbox 606 2311 652 2360; x_wconf 90' lang='lat' dir='ltr'>in</span> <span class='ocrx_word' id='word_1_215' title='bbox 672 2312 879 2374; x_wconf 87' lang='lat' dir='ltr'>fornace,</span> <span class='ocrx_word' id='word_1_216' title='bbox 898 2328 1010 2361; x_wconf 89' lang='lat' dir='ltr'>cum</span> <span class='ocrx_word' id='word_1_217' title='bbox 1037 2312 1334 2376; x_wconf 87' lang='lat' dir='ltr'>martyribus</span> <span class='ocrx_word' id='word_1_218' title='bbox 1362 2313 1465 2361; x_wconf 91' lang='lat' dir='ltr'>suis</span> <span class='ocrx_word' id='word_1_219' title='bbox 1494 2316 1715 2375; x_wconf 83' lang='lat' dir='ltr'>quartus,</span> <span class='ocrx_word' id='word_1_220' title='bbox 1734 2315 1993 2376; x_wconf 83' lang='lat' dir='ltr'>tamquam</span> 
     </span>
    </p>
   </div>
   <div class='ocr_carea' id='block_1_8' title="bbox 333 2437 795 2490">
    <p class='ocr_par' dir='ltr' id='par_1_8' title="bbox 333 2437 795 2490">
     <span class='ocr_line' id='line_1_28' title="bbox 333 2437 795 2490; baseline 0.004 -13"><span class='ocrx_word' id='word_1_221' title='bbox 333 2437 399 2490; x_wconf 80' lang='lat'>23]</span> <span class='ocrx_word' id='word_1_222' title='bbox 434 2437 484 2478; x_wconf 87' lang='lat' dir='ltr'>cf.</span> <span class='ocrx_word' id='word_1_223' title='bbox 517 2438 626 2478; x_wconf 91' lang='lat' dir='ltr'>Dan.</span> <span class='ocrx_word' id='word_1_224' title='bbox 658 2438 697 2488; x_wconf 81' lang='lat'>3,</span> <span class='ocrx_word' id='word_1_225' title='bbox 729 2438 795 2480; x_wconf 82' lang='lat'>25.</span> 
     </span>
    </p>
   </div>
   <div class='ocr_carea' id='block_1_9' title="bbox 189 2523 2004 3357">
    <p class='ocr_par' dir='ltr' id='par_1_9' title="bbox 189 2523 2004 3357">
     <span class='ocr_line' id='line_1_29' title="bbox 248 2523 1998 2576; baseline 0.001 -13"><span class='ocrx_word' id='word_1_226' title='bbox 248 2523 267 2563; x_wconf 87' lang='lat'>1</span> <span class='ocrx_word' id='word_1_227' title='bbox 297 2523 479 2563; x_wconf 87' lang='lat' dir='ltr'>sufficiet</span> <span class='ocrx_word' id='word_1_228' title='bbox 494 2523 558 2569; x_wconf 81' lang='lat' dir='ltr'>M,</span> <span class='ocrx_word' id='word_1_229' title='bbox 586 2523 799 2563; x_wconf 86' lang='lat' dir='ltr'>sufficitR</span> <span class='ocrx_word' id='word_1_230' title='bbox 858 2524 882 2563; x_wconf 82' lang='lat'><strong>2</strong></span> <span class='ocrx_word' id='word_1_231' title='bbox 909 2523 1126 2576; x_wconf 86' lang='lat' dir='ltr'>appellant</span> <span class='ocrx_word' id='word_1_232' title='bbox 1142 2524 1200 2564; x_wconf 86' lang='lat' dir='ltr'><em>M</em></span> <span class='ocrx_word' id='word_1_233' title='bbox 1261 2524 1284 2564; x_wconf 82' lang='lat'>5</span> <span class='ocrx_word' id='word_1_234' title='bbox 1302 2524 1587 2576; x_wconf 75' lang='lat' dir='ltr'>parenthesin</span> <span class='ocrx_word' id='word_1_235' title='bbox 1611 2524 1814 2565; x_wconf 80' lang='lat' dir='ltr'>indicaui</span> <span class='ocrx_word' id='word_1_236' title='bbox 1901 2538 1998 2565; x_wconf 85' lang='lat' dir='ltr'>eum·</span> 
     </span>
     <span class='ocr_line' id='line_1_30' title="bbox 193 2594 1994 2648; baseline 0.001 -13"><span class='ocrx_word' id='word_1_237' title='bbox 193 2594 348 2635; x_wconf 79' lang='lat' dir='ltr'>addidi</span> <span class='ocrx_word' id='word_1_238' title='bbox 427 2596 451 2635; x_wconf 90' lang='grc'>6</span> <span class='ocrx_word' id='word_1_239' title='bbox 477 2595 748 2635; x_wconf 84' lang='lat' dir='ltr'>diuersitates</span> <span class='ocrx_word' id='word_1_240' title='bbox 771 2595 829 2635; x_wconf 91' lang='lat' dir='ltr'><em>M</em></span> <span class='ocrx_word' id='word_1_241' title='bbox 912 2596 934 2635; x_wconf 82' lang='lat'><strong>7</strong></span> <span class='ocrx_word' id='word_1_242' title='bbox 960 2608 1006 2635; x_wconf 85' lang='lat' dir='ltr'>ex</span> <span class='ocrx_word' id='word_1_243' title='bbox 1031 2594 1241 2636; x_wconf 88' lang='lat' dir='ltr'>accidenti</span> <span class='ocrx_word' id='word_1_244' title='bbox 1273 2597 1449 2636; x_wconf 87' lang='lat' dir='ltr'>obuenit</span> <span class='ocrx_word' id='word_1_245' title='bbox 1471 2595 1645 2648; x_wconf 67' lang='lat' dir='ltr'>MGRss,</span> <span class='ocrx_word' id='word_1_246' title='bbox 1678 2610 1724 2636; x_wconf 89' lang='lat' dir='ltr'>ex</span> <span class='ocrx_word' id='word_1_247' title='bbox 1758 2595 1994 2636; x_wconf 82' lang='lat' dir='ltr'>accidentia</span> 
     </span>
     <span class='ocr_line' id='line_1_31' title="bbox 190 2664 1993 2717; baseline 0.001 -12"><span class='ocrx_word' id='word_1_248' title='bbox 190 2665 358 2705; x_wconf 90' lang='lat' dir='ltr'>inuenit</span> <span class='ocrx_word' id='word_1_249' title='bbox 372 2665 431 2707; x_wconf 84' lang='lat' dir='ltr'>R¹</span> <span class='ocrx_word' id='word_1_250' title='bbox 505 2666 529 2706; x_wconf 88' lang='lat'>9</span> <span class='ocrx_word' id='word_1_251' title='bbox 543 2665 825 2717; x_wconf 74' lang='lat' dir='ltr'>parenthesin</span> <span class='ocrx_word' id='word_1_252' title='bbox 840 2665 1042 2706; x_wconf 84' lang='lat' dir='ltr'>indicaui</span> <span class='ocrx_word' id='word_1_253' title='bbox 1117 2665 1167 2706; x_wconf 92' lang='grc'>10</span> <span class='ocrx_word' id='word_1_254' title='bbox 1185 2664 1329 2705; x_wconf 89' lang='lat' dir='ltr'>eadem</span> <span class='ocrx_word' id='word_1_255' title='bbox 1347 2666 1503 2706; x_wconf 85' lang='lat' dir='ltr'>seclusi</span> <span class='ocrx_word' id='word_1_256' title='bbox 1564 2667 1609 2705; x_wconf 88' lang='lat'>11</span> <span class='ocrx_word' id='word_1_257' title='bbox 1632 2668 1665 2706; x_wconf 88' lang='lat' dir='ltr'>si</span> <span class='ocrx_word' id='word_1_258' title='bbox 1685 2669 1727 2706; x_wconf 91' lang='lat' dir='ltr'>et</span> <span class='ocrx_word' id='word_1_259' title='bbox 1745 2665 1993 2707; x_wconf 85' lang='lat' dir='ltr'>Christus—-</span> 
     </span>
     <span class='ocr_line' id='line_1_32' title="bbox 192 2735 1995 2789; baseline 0.001 -13"><span class='ocrx_word' id='word_1_260' title='bbox 192 2750 291 2788; x_wconf 82' lang='lat' dir='ltr'>ergo</span> <span class='ocrx_word' id='word_1_261' title='bbox 322 2736 498 2777; x_wconf 84' lang='lat' dir='ltr'>seclusi:</span> <span class='ocrx_word' id='word_1_262' title='bbox 524 2749 630 2776; x_wconf 84' lang='lat' dir='ltr'>nam</span> <span class='ocrx_word' id='word_1_263' title='bbox 659 2736 759 2776; x_wconf 82' lang='lat' dir='ltr'>inde</span> <span class='ocrx_word' id='word_1_264' title='bbox 792 2749 818 2775; x_wconf 89' lang='lat' dir='ltr'>a</span> <span class='ocrx_word' id='word_1_265' title='bbox 847 2736 992 2776; x_wconf 87' lang='lat' dir='ltr'>uerbis</span> <span class='ocrx_word' id='word_1_266' title='bbox 1023 2739 1150 2789; x_wconf 86' lang='lat' dir='ltr'>atque</span> <span class='ocrx_word' id='word_1_267' title='bbox 1176 2735 1279 2776; x_wconf 87' lang='lat' dir='ltr'>adeo</span> <span class='ocrx_word' id='word_1_268' title='bbox 1303 2736 1490 2788; x_wconf 80' lang='lat' dir='ltr'>incipere</span> <span class='ocrx_word' id='word_1_269' title='bbox 1519 2737 1651 2777; x_wconf 87' lang='lat' dir='ltr'>totius</span> <span class='ocrx_word' id='word_1_270' title='bbox 1681 2737 1995 2789; x_wconf 70' lang='lat' dir='ltr'>disputationis</span> 
     </span>
     <span class='ocr_line' id='line_1_33' title="bbox 191 2807 1993 2860; baseline 0.001 -13"><span class='ocrx_word' id='word_1_271' title='bbox 191 2807 505 2848; x_wconf 76' lang='lat' dir='ltr'>conclusionem</span> <span class='ocrx_word' id='word_1_272' title='bbox 541 2807 590 2846; x_wconf 87' lang='lat' dir='ltr'>in</span> <span class='ocrx_word' id='word_1_273' title='bbox 613 2807 852 2858; x_wconf 80' lang='lat' dir='ltr'>propatulo</span> <span class='ocrx_word' id='word_1_274' title='bbox 885 2811 956 2847; x_wconf 87' lang='lat' dir='ltr'>est.</span> <span class='ocrx_word' id='word_1_275' title='bbox 987 2820 1097 2860; x_wconf 79' lang='lat' dir='ltr'>quae</span> <span class='ocrx_word' id='word_1_276' title='bbox 1129 2811 1269 2847; x_wconf 86' lang='lat' dir='ltr'>autem</span> <span class='ocrx_word' id='word_1_277' title='bbox 1307 2807 1578 2848; x_wconf 83' lang='lat' dir='ltr'>intercedunt</span> <span class='ocrx_word' id='word_1_278' title='bbox 1608 2821 1658 2848; x_wconf 91' lang='lat' dir='ltr'>ea</span> <span class='ocrx_word' id='word_1_279' title='bbox 1696 2808 1993 2848; x_wconf 83' lang='lat' dir='ltr'>tantummodo</span> 
     </span>
     <span class='ocr_line' id='line_1_34' title="bbox 191 2876 2004 2931; baseline 0 -13"><span class='ocrx_word' id='word_1_280' title='bbox 191 2878 409 2929; x_wconf 69' lang='lat' dir='ltr'>emplieant</span> <span class='ocrx_word' id='word_1_281' title='bbox 425 2890 534 2931; x_wconf 79' lang='lat' dir='ltr'>quae</span> <span class='ocrx_word' id='word_1_282' title='bbox 551 2876 831 2918; x_wconf 82' lang='lat' dir='ltr'>antecedunt:</span> <span class='ocrx_word' id='word_1_283' title='bbox 854 2878 1032 2918; x_wconf 85' lang='lat' dir='ltr'>maxime</span> <span class='ocrx_word' id='word_1_284' title='bbox 1057 2877 1248 2918; x_wconf 74' lang='lat' dir='ltr'>cum—in</span> <span class='ocrx_word' id='word_1_285' title='bbox 1275 2879 1625 2919; x_wconf 85' lang='lat' dir='ltr'>communionem.</span> <span class='ocrx_word' id='word_1_286' title='bbox 1643 2883 1856 2931; x_wconf 83' lang='lat' dir='ltr'>postremo</span> <span class='ocrx_word' id='word_1_287' title='bbox 1882 2878 2004 2918; x_wconf 79' lang='lat' dir='ltr'>z&#39;llucl&#39;</span> 
     </span>
     <span class='ocr_line' id='line_1_35' title="bbox 191 2947 1994 3002; baseline 0.001 -14"><span class='ocrx_word' id='word_1_288' title='bbox 191 2961 290 3000; x_wconf 87' lang='lat' dir='ltr'>ergo</span> <span class='ocrx_word' id='word_1_289' title='bbox 310 2948 352 2996; x_wconf 85' lang='lat' dir='ltr'>(l.</span> <span class='ocrx_word' id='word_1_290' title='bbox 367 2947 433 2999; x_wconf 89' lang='grc'>14)</span> <span class='ocrx_word' id='word_1_291' title='bbox 442 2960 627 3000; x_wconf 82' lang='lat' dir='ltr'>prorsus</span> <span class='ocrx_word' id='word_1_292' title='bbox 642 2953 758 2989; x_wconf 81' lang='lat' dir='ltr'>earet</span> <span class='ocrx_word' id='word_1_293' title='bbox 772 2961 899 2989; x_wconf 89' lang='lat' dir='ltr'>sensu</span> <span class='ocrx_word' id='word_1_294' title='bbox 905 2964 918 3000; x_wconf 87' lang='lat'><em>;</em></span> <span class='ocrx_word' id='word_1_295' title='bbox 930 2948 1126 2989; x_wconf 82' lang='lat' dir='ltr'>additum</span> <span class='ocrx_word' id='word_1_296' title='bbox 1142 2948 1315 2990; x_wconf 84' lang='lat' dir='ltr'>uidetur</span> <span class='ocrx_word' id='word_1_297' title='bbox 1324 2954 1555 3002; x_wconf 72' lang='lat' dir='ltr'>postquam</span> <span class='ocrx_word' id='word_1_298' title='bbox 1571 2950 1994 3002; x_wconf 77' lang='lat' dir='ltr'>interpretamentum</span> 
     </span>
     <span class='ocr_line' id='line_1_36' title="bbox 190 3018 1991 3074; baseline 0 -14"><span class='ocrx_word' id='word_1_299' title='bbox 190 3019 293 3060; x_wconf 84' lang='lat' dir='ltr'>olim</span> <span class='ocrx_word' id='word_1_300' title='bbox 314 3019 504 3072; x_wconf 71' lang='lat' dir='ltr'>maryini</span> <span class='ocrx_word' id='word_1_301' title='bbox 525 3018 792 3072; x_wconf 82' lang='lat' dir='ltr'>adscriptum</span> <span class='ocrx_word' id='word_1_302' title='bbox 813 3019 925 3061; x_wconf 87' lang='lat' dir='ltr'>inter</span> <span class='ocrx_word' id='word_1_303' title='bbox 954 3020 1088 3060; x_wconf 83' lang='lat' dir='ltr'>uerba</span> <span class='ocrx_word' id='word_1_304' title='bbox 1118 3021 1302 3073; x_wconf 82' lang='lat' dir='ltr'>irrepsit.</span> <span class='ocrx_word' id='word_1_305' title='bbox 1336 3020 1528 3074; x_wconf 82' lang='lat' dir='ltr'>defendit</span> <span class='ocrx_word' id='word_1_306' title='bbox 1558 3034 1668 3073; x_wconf 80' lang='lat' dir='ltr'>quae</span> <span class='ocrx_word' id='word_1_307' title='bbox 1696 3021 1852 3062; x_wconf 85' lang='lat' dir='ltr'>seclusi</span> <span class='ocrx_word' id='word_1_308' title='bbox 1880 3020 1991 3072; x_wconf 71' lang='lat' dir='ltr'>Eny,</span> 
     </span>
     <span class='ocr_line' id='line_1_37' title="bbox 189 3078 1990 3144; baseline 0 -14"><span class='ocrx_word' id='word_1_309' title='bbox 189 3090 252 3131; x_wconf 86' lang='lat' dir='ltr'>sic</span> <span class='ocrx_word' id='word_1_310' title='bbox 281 3078 568 3144; x_wconf 74' lang='lat' dir='ltr'>distinyuens:</span> <span class='ocrx_word' id='word_1_311' title='bbox 597 3090 640 3130; x_wconf 91' lang='lat' dir='ltr'>in</span> <span class='ocrx_word' id='word_1_312' title='bbox 672 3091 1021 3138; x_wconf 86' lang='lat' dir='ltr'>communionem,</span> <span class='ocrx_word' id='word_1_313' title='bbox 1054 3096 1180 3144; x_wconf 87' lang='lat' dir='ltr'>atque</span> <span class='ocrx_word' id='word_1_314' title='bbox 1213 3091 1332 3144; x_wconf 89' lang='lat' dir='ltr'>adeo,</span> <span class='ocrx_word' id='word_1_315' title='bbox 1365 3092 1426 3132; x_wconf 89' lang='lat' dir='ltr'>si.</span> <span class='ocrx_word' id='word_1_316' title='bbox 1448 3125 1454 3132; x_wconf 93' lang='lat'>.</span> <span class='ocrx_word' id='word_1_317' title='bbox 1476 3127 1482 3134; x_wconf 92' lang='lat'>.</span> <span class='ocrx_word' id='word_1_318' title='bbox 1504 3127 1508 3132; x_wconf 90' lang='lat'>.</span> <span class='ocrx_word' id='word_1_319' title='bbox 1532 3096 1574 3133; x_wconf 88' lang='lat' dir='ltr'>et</span> <span class='ocrx_word' id='word_1_320' title='bbox 1606 3092 1687 3132; x_wconf 88' lang='lat' dir='ltr'>duo</span> <span class='ocrx_word' id='word_1_321' title='bbox 1720 3092 1856 3132; x_wconf 85' lang='lat' dir='ltr'>Iesus:</span> <span class='ocrx_word' id='word_1_322' title='bbox 1891 3104 1990 3144; x_wconf 85' lang='lat' dir='ltr'>ergo</span> 
     </span>
     <span class='ocr_line' id='line_1_38' title="bbox 190 3160 1993 3215; baseline 0.001 -14"><span class='ocrx_word' id='word_1_323' title='bbox 190 3165 278 3208; x_wconf 73' lang='lat' dir='ltr'>eta,</span> <span class='ocrx_word' id='word_1_324' title='bbox 310 3161 382 3201; x_wconf 86' lang='lat' dir='ltr'>eui</span> <span class='ocrx_word' id='word_1_325' title='bbox 410 3173 455 3204; x_wconf 90' lang='lat' dir='ltr'>eo</span> <span class='ocrx_word' id='word_1_326' title='bbox 478 3161 622 3201; x_wconf 89' lang='lat' dir='ltr'>minus</span> <span class='ocrx_word' id='word_1_327' title='bbox 645 3160 902 3214; x_wconf 77' lang='lat' dir='ltr'>adstipulor‚</span> <span class='ocrx_word' id='word_1_328' title='bbox 928 3163 1032 3214; x_wconf 79' lang='lat' dir='ltr'>quia</span> <span class='ocrx_word' id='word_1_329' title='bbox 1056 3168 1094 3204; x_wconf 84' lang='lat' dir='ltr'>et</span> <span class='ocrx_word' id='word_1_330' title='bbox 1115 3176 1251 3215; x_wconf 86' lang='lat' dir='ltr'>supra</span> <span class='ocrx_word' id='word_1_331' title='bbox 1275 3166 1313 3203; x_wconf 85' lang='lat' dir='ltr'>et</span> <span class='ocrx_word' id='word_1_332' title='bbox 1334 3162 1458 3214; x_wconf 88' lang='lat' dir='ltr'>infra</span> <span class='ocrx_word' id='word_1_333' title='bbox 1480 3176 1639 3203; x_wconf 77' lang='lat' dir='ltr'>manus</span> <span class='ocrx_word' id='word_1_334' title='bbox 1667 3162 1993 3215; x_wconf 81' lang='lat' dir='ltr'>interpolatoris</span> 
     </span>
     <span class='ocr_line' id='line_1_39' title="bbox 191 3231 1990 3288; baseline 0 -16"><span class='ocrx_word' id='word_1_335' title='bbox 191 3231 459 3284; x_wconf 71' lang='lat' dir='ltr'>eoqnoseitur</span> <span class='ocrx_word' id='word_1_336' title='bbox 525 3231 576 3272; x_wconf 84' lang='lat'>13</span> <span class='ocrx_word' id='word_1_337' title='bbox 609 3233 652 3273; x_wconf 89' lang='lat' dir='ltr'>et</span> <span class='ocrx_word' id='word_1_338' title='bbox 680 3232 841 3284; x_wconf 81' lang='lat' dir='ltr'>(prius)</span> <span class='ocrx_word' id='word_1_339' title='bbox 874 3245 951 3274; x_wconf 87' lang='lat' dir='ltr'>om.</span> <span class='ocrx_word' id='word_1_340' title='bbox 983 3233 1042 3274; x_wconf 91' lang='lat' dir='ltr'><em>M</em></span> <span class='ocrx_word' id='word_1_341' title='bbox 1107 3234 1154 3274; x_wconf 88' lang='lat'>15</span> <span class='ocrx_word' id='word_1_342' title='bbox 1188 3238 1230 3274; x_wconf 87' lang='lat' dir='ltr'>et</span> <span class='ocrx_word' id='word_1_343' title='bbox 1261 3233 1392 3275; x_wconf 83' lang='lat' dir='ltr'>deleri</span> <span class='ocrx_word' id='word_1_344' title='bbox 1420 3235 1518 3275; x_wconf 87' lang='lat' dir='ltr'>uult</span> <span class='ocrx_word' id='word_1_345' title='bbox 1547 3234 1632 3288; x_wconf 68' lang='lat' dir='ltr'>Rip</span> <span class='ocrx_word' id='word_1_346' title='bbox 1740 3243 1827 3274; x_wconf 79' lang='lat' dir='ltr'>&#39;non</span> <span class='ocrx_word' id='word_1_347' title='bbox 1862 3233 1990 3273; x_wconf 85' lang='lat' dir='ltr'>ctiam</span> 
     </span>
     <span class='ocr_line' id='line_1_40' title="bbox 192 3301 1992 3357; baseline 0.001 -16"><span class='ocrx_word' id='word_1_348' title='bbox 192 3301 491 3354; x_wconf 84' lang='lat' dir='ltr'>appellationis</span> <span class='ocrx_word' id='word_1_349' title='bbox 521 3303 675 3344; x_wconf 82' lang='lat' dir='ltr'>seclusi</span> <span class='ocrx_word' id='word_1_350' title='bbox 761 3303 810 3343; x_wconf 84' lang='lat'>17</span> <span class='ocrx_word' id='word_1_351' title='bbox 842 3303 1086 3344; x_wconf 88' lang='lat' dir='ltr'>uindicatur</span> <span class='ocrx_word' id='word_1_352' title='bbox 1115 3305 1157 3344; x_wconf 90' lang='lat' dir='ltr'>in</span> <span class='ocrx_word' id='word_1_353' title='bbox 1191 3319 1237 3345; x_wconf 91' lang='lat' dir='ltr'>eo</span> <span class='ocrx_word' id='word_1_354' title='bbox 1271 3305 1360 3345; x_wconf 89' lang='lat' dir='ltr'>sine</span> <span class='ocrx_word' id='word_1_355' title='bbox 1385 3305 1443 3345; x_wconf 87' lang='lat' dir='ltr'><em>M</em></span> <span class='ocrx_word' id='word_1_356' title='bbox 1527 3305 1576 3345; x_wconf 88' lang='lat'>18</span> <span class='ocrx_word' id='word_1_357' title='bbox 1608 3304 1807 3357; x_wconf 83' lang='lat' dir='ltr'>idemque</span> <span class='ocrx_word' id='word_1_358' title='bbox 1837 3303 1992 3344; x_wconf 86' lang='lat' dir='ltr'>seclusi</span> 
     </span>
    </p>
   </div>
   <div class='ocr_carea' id='block_1_10' title="bbox 191 3361 1701 3450">
    <p class='ocr_par' dir='ltr' id='par_1_10' title="bbox 191 3361 1701 3450">
     <span class='ocr_line' id='line_1_41' title="bbox 191 3361 1701 3450; baseline 0.003 -17"><span class='ocrx_word' id='word_1_359' title='bbox 191 3392 240 3433; x_wconf 88' lang='grc'>21</span> <span class='ocrx_word' id='word_1_360' title='bbox 275 3361 575 3447; x_wconf 62' lang='lat' dir='ltr'>appellationis</span> <span class='ocrx_word' id='word_1_361' title='bbox 606 3395 664 3435; x_wconf 90' lang='lat' dir='ltr'><em>M</em></span> <span class='ocrx_word' id='word_1_362' title='bbox 690 3399 815 3445; x_wconf 86' lang='lat' dir='ltr'>(corr.</span> <span class='ocrx_word' id='word_1_363' title='bbox 845 3409 898 3437; x_wconf 91' lang='lat' dir='ltr'>m.</span> <span class='ocrx_word' id='word_1_364' title='bbox 931 3399 968 3447; x_wconf 90' lang='lat'>1)</span> <span class='ocrx_word' id='word_1_365' title='bbox 1056 3396 1109 3437; x_wconf 85' lang='lat'>22</span> <span class='ocrx_word' id='word_1_366' title='bbox 1141 3397 1221 3437; x_wconf 87' lang='lat' dir='ltr'>erit</span> <span class='ocrx_word' id='word_1_367' title='bbox 1249 3397 1358 3449; x_wconf 85' lang='lat' dir='ltr'>MF,</span> <span class='ocrx_word' id='word_1_368' title='bbox 1391 3399 1481 3438; x_wconf 87' lang='lat' dir='ltr'>erat</span> <span class='ocrx_word' id='word_1_369' title='bbox 1509 3396 1552 3438; x_wconf 80' lang='lat' dir='ltr'><strong><em>R</em></strong></span> <span class='ocrx_word' id='word_1_370' title='bbox 1571 3397 1701 3450; x_wconf 73' lang='lat' dir='ltr'>uulyo</span> 
     </span>
    </p>
   </div>
  </div>
 </body>
</html>
