2248 3646
120 1223 161 1253 10

118 1647 157 1677 15

115 2076 155 2105 20

111 2511 149 2540 25

532 283 626 325 VII.
659 283 920 324 Aduersus
950 283 1259 325 Marcionem
1286 281 1364 326 lib.
1389 283 1475 324 IIII
1507 284 1685 325 31-33.
1891 287 1991 336 529

194 442 321 488 retro
361 439 609 498 inuitauit,
650 452 773 502 quos
814 454 925 487 cum
965 438 1173 487 maxime
1206 438 1505 503 adgreditur.
1546 442 1631 488 aut
1662 440 1705 488 si
1735 440 1794 489 de
1824 440 1992 490 futuro

195 540 278 573 eos
329 524 518 573 iudicat
569 527 941 586 contempturos
988 524 1316 584 uocationem,
1372 540 1485 589 ergo
1541 528 1590 574 et
1633 525 1993 575 sublectionem

193 610 301 658 loco
361 624 531 658 eorum
592 624 647 658 ex
699 609 931 674 gentibus
985 608 1042 657 de
1095 608 1260 658 futuro
1313 609 1580 672 portendit.
1637 611 1780 673 plane
1832 610 1991 660 adhuc

194 693 407 742 secundo
446 695 687 742 uenturus
728 695 827 741 est:
870 688 944 758 [ut
982 692 1213 756 gentibus
1251 693 1514 756 praedicet.
1561 699 1608 742 et
1647 692 1709 760 si]
1750 698 1990 744 uenturus

194 781 270 826 est
322 779 505 837 autem,
560 779 698 841 pute,
751 792 846 826 non
893 778 1035 840 quasi
1080 780 1351 826 uocaturus
1398 778 1558 827 adhuc
1596 779 1851 839 conuiuaS,
1904 779 1990 829 sed

190 863 289 911 iam
341 862 687 912 collocaturus.
767 862 955 911 interea
1007 862 1091 924 qui
1151 878 1298 911 cenae
1359 862 1507 912 istius
1570 864 1878 913 uocationem
1941 865 1991 912 in

192 947 403 996 caeleste
443 947 729 996 conuiuium
767 946 1106 1010 interpretaris
1147 947 1384 1010 spiritalis
1425 948 1701 997 saturitatis
1743 951 1792 998 et
1820 949 1990 998 iocun-

192 1032 379 1092 ditatis,
417 1034 666 1081 memento
707 1034 757 1080 et
792 1034 1012 1081 terrenas
1051 1032 1406 1096 promissiones
1446 1034 1549 1081 uini
1587 1036 1637 1082 et
1674 1033 1769 1082 olei
1807 1037 1856 1082 et
1892 1034 1988 1082 fru-

190 1117 344 1166 menti
383 1119 432 1166 et
468 1116 627 1181 ipsius
667 1116 889 1166 ciuitatis
929 1131 1083 1180 aeque
1114 1117 1162 1165 in
1196 1117 1440 1180 spiritalia
1468 1117 1671 1182 figurari
1702 1133 1729 1167 a
1760 1121 1989 1167 creatore.

260 1203 341 1250 32.
390 1201 547 1250 Ouem
588 1204 636 1250 et
673 1200 957 1250 drachmam
995 1200 1238 1265 perditam
1278 1202 1388 1265 quis
1425 1202 1663 1266 requirit?
1710 1218 1865 1252 nonne
1904 1203 1989 1266 qui

189 1286 436 1349 perdidit?
490 1287 600 1350 quis
648 1289 814 1335 autem
861 1286 1106 1350 perdidit?
1152 1301 1308 1337 nonne
1346 1287 1431 1350 qui
1468 1287 1675 1338 habuit?
1722 1288 1832 1351 quis
1869 1285 1987 1337 uero

188 1373 395 1422 habuit?
432 1387 589 1422 nonne
621 1371 763 1421 cuius
794 1372 927 1421 fuit?
968 1372 1009 1420 si
1045 1372 1198 1436 igitur
1234 1372 1382 1422 homo
1420 1388 1517 1421 non
1555 1373 1758 1422 alterius
1798 1376 1875 1422 est
1910 1388 1987 1421 res

189 1473 336 1521 quam
389 1457 639 1517 creatoriS,
691 1458 734 1506 is
788 1472 901 1506 eum
952 1456 1144 1516 habuit,
1198 1458 1339 1507 cuius
1379 1457 1492 1517 fuit,
1546 1458 1588 1507 is
1628 1458 1857 1522 perdidit,
1904 1458 1987 1521 qui

187 1543 376 1602 habuit,
421 1543 463 1591 is
508 1541 791 1605 requisiuit,
847 1542 932 1606 qui
968 1542 1199 1606 perdidit,
1253 1543 1297 1591 is
1334 1542 1543 1603 inuenit,
1594 1543 1678 1607 qui
1718 1543 1986 1606 quaesiuit,

187 1627 228 1676 is
269 1627 526 1684 exultauit,
567 1626 651 1690 qui
688 1627 893 1675 inuenit.
931 1626 1002 1675 ita
1038 1627 1300 1690 utriusque
1338 1628 1598 1690 parabolae
1637 1629 1986 1691 argumentum

190 1712 335 1760 uacat
386 1711 516 1759 circa
561 1726 689 1771 eum,
745 1710 886 1759 cuius
932 1726 1027 1760 non
1068 1717 1144 1759 est
1183 1710 1289 1761 ouis
1328 1726 1486 1774 neque
1526 1711 1772 1771 drachma,
1822 1711 1873 1760 id
1911 1714 1992 1760 est-

187 1795 348 1844 110010.
386 1811 479 1844 non
513 1796 642 1844 enim
673 1795 903 1859 perdidit,
937 1795 1052 1859 quia
1084 1811 1176 1844 non
1209 1796 1400 1855 habuit,
1439 1812 1527 1846 nec
1557 1797 1838 1861 requisiuit,
1873 1797 1988 1860 quia

186 1896 280 1930 non
325 1880 554 1943 perdidit,
602 1895 691 1929 nec
735 1881 941 1941 inuenit,
990 1881 1106 1943 quia
1150 1897 1237 1930 nec
1283 1882 1561 1945 requisiuit,
1602 1897 1690 1932 nec
1730 1883 1988 1940 exultauit,

187 1966 301 2030 quia
338 1981 430 2014 non
467 1966 670 2015 inuenit.
710 1969 858 2028 atque
897 1966 1016 2016 adeo
1058 1966 1275 2015 exultare
1313 1967 1448 2016 illius
1489 1970 1565 2017 est
1597 1968 1654 2017 de
1685 1966 1988 2031 paenitentia

186 2051 473 2113 peccatoriS‚
518 2050 570 2099 id
616 2053 692 2099 est
737 2050 794 2098 de
842 2051 1022 2115 perditi
1067 2052 1454 2114 recuperatione,
1503 2052 1586 2115 qui
1633 2067 1684 2101 se
1728 2051 1988 2115 professus

184 2138 260 2184 est
299 2135 415 2183 olim
454 2135 602 2183 malle
640 2135 916 2198 peccatoris
955 2135 1310 2199 paenitentiam
1350 2152 1497 2199 quam
1535 2139 1762 2186 mortem.

254 2221 334 2269 33.
375 2219 567 2280 Quibus
609 2219 803 2268 duobus
843 2219 1057 2269 dominis
1097 2223 1244 2286 neget
1281 2236 1428 2284 posse
1470 2221 1659 2280 seruiri,
1708 2221 1824 2283 quia
1868 2221 1986 2269 alte—

182 2320 290 2352 rum
331 2304 508 2353 offendi
548 2304 613 2352 sit
656 2319 859 2354 necesse
909 2305 1119 2353 alterum
1160 2305 1373 2365 defendi,
1411 2307 1519 2370 ipse
1559 2306 1791 2365 declarat,
1838 2306 1984 2354 deum

182 2405 457 2452 proponens
510 2391 559 2438 et
610 2404 905 2438 mamonam.
968 2390 1169 2454 proinde
1223 2406 1502 2440 mamonam
1556 2407 1701 2455 quem
1759 2390 1985 2454 intellegi

184 2475 321 2534 uelit,
362 2474 404 2523 si
440 2474 760 2537 interpretem
798 2490 892 2523 non
930 2475 1100 2535 habes,
1134 2475 1192 2524 ab
1231 2476 1340 2539 ipso
1380 2479 1523 2539 potes
1563 2476 1766 2525 discere.
1821 2475 1985 2524 admo-

182 2575 300 2609 nens
342 2559 469 2608 enim
508 2575 596 2608 nos
637 2559 694 2607 de
734 2560 1073 2609 saecularibus
1115 2560 1349 2625 suffragia
1379 2561 1521 2611 nobis
1552 2561 1834 2624 prospicere
1868 2561 1983 2608 ami-

324 2657 389 2709 10]
422 2656 472 2697 cf.
504 2656 604 2697 Luc.
641 2656 704 2708 15,
735 2657 866 2704 4—7;
901 2656 1051 2698 8-11,
1139 2658 1207 2710 21]
1241 2658 1291 2699 cf.
1324 2658 1393 2699 Ez.
1426 2658 1492 2707 33,
1528 2659 1592 2701 11.
1694 2658 1765 2710 22]
1800 2658 1851 2698 cf.
1881 2657 1981 2697 Luc.

184 2728 251 2776 16,
282 2727 346 2768 13.
433 2728 505 2781 25]
536 2727 587 2767 cf.
620 2727 721 2768 Luc.
755 2727 818 2779 16,
850 2728 890 2768 9.

238 2811 262 2850 2
295 2813 607 2864 contempturos
637 2809 712 2862 R3,
745 2813 1064 2866 contempturus
1093 2812 1208 2853 MR²
1298 2813 1322 2854 3
1355 2826 1403 2854 ex
1431 2813 1445 2856 i
1478 2813 1677 2866 gentibus
1708 2812 1766 2853 M
1848 2812 1984 2853 adhuc

180 2880 358 2932 scripsi:
392 2879 444 2920 ad
474 2880 553 2921 hoc
583 2880 680 2922 MR
821 2881 847 2922 4
878 2884 1028 2922 ut—-et
1058 2883 1095 2923 si
1124 2883 1278 2923 seclusi
1308 2884 1457 2937 (uerba
1488 2886 1529 2923 et
1560 2884 1608 2932 si,
1639 2896 1749 2936 quae
1778 2896 1849 2935 eqo
1879 2881 1984 2924 olim

180 2952 456 3000 retinueram,
502 2952 596 2992 iure
640 2951 796 2992 deleuit
838 2950 980 3006 Εη9);
1019 2953 1287 3005 interpolata
1323 2954 1428 2995 haee
1471 2967 1557 2995 esse
1594 2967 1705 3007 quae
1746 2957 1984 3006 sequuntur

183 3022 352 3075 docent5
381 3026 477 3063 orta
510 3026 649 3063 autem
681 3026 739 3063 est
768 3023 873 3064 haec
903 3024 1183 3076 interpolatio
1208 3037 1258 3065 ex
1281 3026 1526 3078 corruptela
1550 3025 1704 3066 adhoc
1731 3037 1813 3077 pro
1845 3023 1982 3065 adhuc

181 3094 205 3133 9
237 3093 410 3146 figurari
439 3093 549 3146 (Syll.
583 3093 611 3132 fi
640 3093 690 3133 in
718 3106 804 3134 ras.
839 3107 867 3134 α
895 3108 947 3134 m.
979 3096 1017 3146 1)
1048 3094 1102 3135 M
1213 3096 1262 3137 10
1295 3094 1534 3137 drachmam
1564 3096 1738 3148 scripsi:
1771 3095 1982 3135 dracmam

181 3164 246 3217 M,
279 3163 491 3217 dragmam
518 3163 706 3217 Ruuzyo
789 3165 836 3205 11
872 3166 966 3218 quis
998 3179 1096 3206 uero
1128 3166 1227 3207 Gel:
1259 3167 1330 3220 qui
1360 3180 1459 3208 uero
1490 3167 1588 3209 MR
1679 3168 1726 3207 14
1757 3165 1983 3218 requisiuit

183 3235 293 3288 (sylb.
325 3248 367 3275 re
398 3248 430 3277 s.
462 3248 504 3275 u.
539 3248 566 3274 a
595 3248 647 3278 m.
679 3237 717 3285 1)
747 3235 806 3275 Μ
946 3236 996 3277 16
1029 3234 1228 3278 drachma
1252 3237 1317 3286 M,
1351 3237 1524 3290 dragma
1547 3238 1589 3279 R
1703 3237 1755 3276 ⁴22
1788 3236 1886 3288 quia
1906 3234 1980 3285 ΒΞ,

184 3305 254 3358 qui
278 3303 391 3345 MR1
451 3306 505 3346 ‘24
534 3317 772 3345 mamonam
796 3305 854 3346 Μ
878 3306 956 3357 (sic
975 3307 1072 3358 fere
1094 3306 1282 3359 ubique),
1306 3321 1588 3348 mammonam
1611 3307 1797 3358 Ruulqo
1884 3319 1978 3358 pro-

184 3375 279 3415 inde
309 3375 374 3424 M,
408 3375 558 3416 deinde
589 3375 777 3427 Ruulyo
865 3378 917 3417 25
950 3376 1055 3417 uelit
1086 3380 1119 3422 (t
1151 3390 1200 3418 ca:
1231 3380 1265 3429 s)
1296 3377 1354 3418 M

225 3474 428 3504 xxxxvn.
453 3476 547 3504 Ten.
572 3476 638 3504 111.
1871 3461 1921 3501 34
