2340 3658
250 176 354 226 628
625 171 815 223 Quinti
850 171 1084 226 Septimi
1116 170 1396 212 Florentis
1429 170 1764 213 Tertulliani

250 332 386 399 apud
428 333 607 400 gentes
647 331 974 381 matrimonio
1009 330 1332 391 adscribitur,
1374 329 1464 381 sed
1496 330 1908 381 extraordinariis
1944 334 1995 382 et
2024 347 2123 382 non

246 419 569 470 naturalibus
605 421 656 469 et
686 418 1002 484 portentosis
1023 417 1253 469 luxuriae
1287 435 1370 466 -ε
1398 420 1477 469 est
1507 418 1818 483 turpitudini
1845 430 2047 488 quaque
2074 422 2126 470 et

246 506 589 558 inmunditiae
646 507 912 567 contraria,
970 521 1098 571 quae
1150 520 1250 556 non
1297 505 1685 556 matrimonium
1727 505 1978 568 excludat,
2035 506 2127 557 sed

246 594 535 656 libidinem,
591 609 721 659 quae
774 609 868 644 uas
924 596 1159 644 nostrum
1212 593 1264 643 in
1318 594 1508 644 honore
1563 593 1875 644 matrimonii
1920 585 2123 645 tractet.

248 681 385 732 hunc
433 683 607 732 autem
648 682 821 731 locum
864 681 1010 731 salua
1049 680 1279 741 alteriuS,
1320 680 1372 730 id
1413 683 1493 731 est
1538 681 1783 746 plenioris
1832 681 2123 733 sanctitatis
2180 703 2200 732 5

246 768 563 834 praelatione
617 769 968 829 tractauerim,
1025 767 1389 819 continentiam
1437 770 1489 819 et
1534 768 1888 834 uirginitatem
1929 768 2125 833 nuptiis

249 859 579 923 anteponens,
638 854 728 906 sed
772 871 871 906 non
920 856 1211 921 prohibitis,
1270 856 1618 907 destructores
1661 855 1795 907 enim
1836 856 1918 907 dei
1956 857 2126 922 nupti-

248 960 412 1008 arum,
451 960 551 995 non
592 946 873 995 sectatores
917 943 1172 995 castitatis
1213 943 1448 995 retundo,
1562 943 1651 994 Ait
1693 959 1796 1006 eOS,
1840 944 1927 1009 qui
1965 960 2127 995 rema-

247 1034 402 1084 neant
445 1031 498 1082 in
554 1031 835 1082 aduentum
894 1031 1088 1083 Christi
1144 1047 1260 1083 cum
1318 1032 1406 1094 eiS,
1448 1032 1535 1096 qui
1581 1031 1773 1082 mortui
1819 1031 1869 1081 in
1921 1031 2124 1084 Christo

248 1120 402 1187 primi
440 1122 729 1188 resurgent,
772 1119 909 1185 quod
947 1120 998 1170 in
1037 1119 1263 1170 nubibus
1305 1119 1600 1170 auferentur
1631 1119 1681 1170 in
1717 1123 1885 1170 aerem
1919 1120 2126 1171 obuiam

250 1208 473 1260 domino.
524 1223 747 1274 agnosco
797 1207 878 1257 his
926 1207 1028 1257 iam
1075 1208 1200 1257 tunc
1246 1206 1536 1271 prospectis
1584 1207 1759 1257 mirari
1808 1207 2125 1259 substantias

251 1296 502 1347 caelestes
544 1295 711 1360 ipsam
751 1294 1097 1353 Hierusalem,
1141 1309 1269 1359 quae
1312 1309 1518 1345 sursum
1561 1297 1654 1356 est,
1705 1297 1756 1345 et
1792 1311 1883 1360 per
1920 1294 2126 1346 Esaiam

249 1383 606 1451 pronuntiare:
674 1382 932 1447 quinam
989 1381 1112 1432 huc
1166 1382 1356 1432 uelut
1408 1382 1612 1434 nubes
1670 1382 1915 1444 uolant‚
1972 1386 2125 1434 tam-

252 1487 433 1538 quam
475 1470 818 1520 columbae
860 1485 997 1519 cum
1040 1470 1248 1535 pullis
1290 1470 1363 1520 ad
1411 1473 1538 1522 me?
1594 1471 1731 1522 hunc
1772 1487 2041 1522 ascensum
2084 1472 2127 1521 si

252 1559 488 1611 Christus
544 1558 690 1609 nobis
737 1558 1075 1623 praeparabit,
1131 1558 1220 1608 ille
1268 1558 1364 1608 erit
1405 1557 1659 1619 Christus,
1718 1558 1777 1609 de
1827 1575 1926 1624 quo
1969 1558 2123 1610 Osee:

252 1647 361 1712 qui
411 1661 759 1697 ascensum
808 1662 993 1696 suum
1036 1645 1362 1696 aedificat
1401 1646 1463 1695 in
1505 1647 1747 1707 caeIOS,
1804 1647 1985 1712 utique
2027 1647 2126 1699 sibi

250 1738 302 1786 et
341 1735 465 1787 suis.
517 1734 693 1785 exinde
749 1750 776 1784 a
833 1750 932 1799 quo
991 1735 1206 1799 sperabo
1263 1749 1415 1795 nunc,
1473 1734 1573 1785 nisi
1629 1751 1657 1785 a
1713 1751 1811 1800 quo
1867 1735 1990 1785 haec
2041 1751 2126 1785 au-

250 1823 393 1873 diui‘?
494 1820 661 1886 Quem
687 1821 928 1888 spiritum
945 1821 1184 1887 prohibet
1204 1822 1432 1887 extingui
1452 1824 1504 1872 et
1521 1838 1646 1887 quas
1667 1823 1962 1887 prophetias
1982 1825 2127 1873 uetat

247 1911 375 1961 nihil
415 1910 629 1960 haberi?
668 1909 851 1975 utique
890 1926 989 1960 non
1034 1909 1280 1961 creatoris
1323 1910 1562 1975 spiritum
1605 1925 1697 1960 nec
1739 1911 1981 1962 creatoris
2016 1927 2125 1977 pro-

246 1998 449 2065 phetias
508 1997 790 2048 secundum
832 1997 1164 2048 Marcionem.
1222 2013 1351 2063 quae
1402 1998 1537 2048 enim
1585 1998 1821 2059 destruit,
1871 1999 1982 2064 ipse
2022 1998 2125 2048 iam

250 2085 463 2137 extinxit
495 2088 546 2135 et
577 2085 707 2135 nihil
739 2085 879 2145 fecit,
914 2100 1005 2135 nec
1038 2087 1212 2150 potest
1237 2085 1507 2150 prohibere
1534 2101 1663 2151 quae
1695 2086 1805 2151 ipse
1839 2085 1977 2137 fecit.
2006 2101 2123 2152 ergo

246 2173 504 2225 incumbit
534 2172 786 2223 Marcioni
818 2173 1053 2223 exhibere
1086 2172 1237 2223 hodie
1270 2172 1406 2238 apud
1448 2173 1718 2223 ecclesiam
1761 2189 1907 2224 suam
1949 2174 2124 2224 exinde

250 2261 491 2328 spiritum
525 2260 607 2311 dei
639 2261 736 2322 sui,
779 2261 866 2326 qui
898 2275 996 2310 non
1032 2261 1100 2310 sit
1133 2261 1523 2328 extinguenduS,
1559 2263 1610 2312 et
1640 2261 1955 2328 prophetias,
1997 2277 2125 2326 quae

249 2365 350 2400 non
392 2349 497 2400 sint
534 2348 664 2399 nihil
703 2348 982 2400 habendae.
1030 2350 1081 2399 et
1120 2349 1163 2399 si
1206 2349 1436 2400 exhibuit
1476 2349 1612 2414 quod
1650 2352 1815 2415 putat,
1865 2350 1996 2400 sciat
2033 2365 2124 2400 nos

251 2438 614 2504 quodcumque
655 2436 786 2487 illud
827 2436 889 2486 ad
929 2437 1145 2488 formam
1187 2437 1433 2502 spiritalis
1475 2439 1527 2488 et
1564 2437 1891 2502 propheticae
1932 2438 2125 2504 gratiae

396 2624 440 2678 8]
477 2623 528 2668 ef.
561 2622 584 2664 I
615 2622 768 2665 Thess.
799 2624 841 2674 4,
877 2623 1059 2665 15—17.
1185 2622 1253 2679 12]
1290 2622 1341 2666 cf.
1376 2622 1471 2666 Gal.
1504 2625 1544 2675 4,
1577 2625 1648 2666 26.
1770 2624 1841 2679 13]
1875 2623 1950 2666 Es,
1984 2624 2051 2678 60,
2084 2623 2124 2666 8.

253 2698 325 2752 16]
360 2696 456 2739 Am.
490 2697 530 2747 9,
564 2697 603 2739 6.
699 2696 770 2751 18]
807 2695 860 2738 cf.
895 2696 917 2738 I
949 2696 1101 2739 Thess.
1135 2699 1175 2751 5,
1211 2697 1395 2740 19—20.

309 2798 334 2840 2
366 2797 636 2853 portentosis
669 2797 736 2849 M,
768 2799 1068 2853 portentuosis
1101 2798 1146 2842 R
1254 2798 1529 2840 luxuriae—2
1565 2800 1633 2840 est
1666 2798 1778 2852 (scil.
1811 2799 2048 2841 sanctitas:
2082 2813 2126 2842 es

249 2871 309 2914 ist
341 2870 413 2913 die
446 2904 455 2912 .
475 2904 484 2912 .
506 2906 511 2912 .
536 2905 546 2914 .
580 2871 635 2925 cf.
674 2873 784 2924 627,
816 2873 888 2924 19)
929 2871 1114 2926 scripsi:
1155 2871 1325 2914 luxuria
1365 2873 1434 2914 est
1463 2871 1580 2923 MR,
1620 2872 1689 2914 lex
1727 2873 1878 2914 uxoria
1918 2874 1986 2914 est
2014 2870 2123 2925 Lat,

247 2944 350 2998 <lex
365 2946 583 2998 naturae>
598 2944 794 2986 luxuriae
812 2947 880 2986 est
909 2943 1131 2996 Oehlerns,
1160 2945 1440 2999 <sanctitas>
1462 2944 1660 2987 luxuriae
1686 2947 1754 2987 est
1779 2943 1863 2987 Urs
1953 2957 2123 3000 quaque

250 3018 431 3072 scripsi:
464 3031 639 3072 quoque
670 3017 771 3060 MR
892 3019 916 3060 3
951 3019 1168 3060 contraria
1199 3017 1378 3068 MRssG,
1412 3032 1499 3060 non
1533 3017 1752 3060 contraria
1782 3016 1845 3061 R1
1964 3019 1988 3060 6
2023 3031 2124 3060 con-

252 3091 421 3133 tineam
452 3090 512 3133 M
571 3091 624 3133 10
657 3105 800 3133 aerem
825 3092 964 3133 Pam:
997 3105 1096 3134 aere
1127 3091 1228 3135 MR
1292 3091 1345 3133 15
1376 3090 1657 3147 praeparabit
1688 3090 1813 3148 Eny:
1844 3092 2125 3147 praeparauit

251 3163 353 3207 MR
473 3163 585 3207 Osee
617 3164 717 3208 MR
749 3164 823 3218 (cf.
861 3167 969 3218 537,
997 3167 1091 3218 16),
1125 3168 1258 3207 Amos
1290 3164 1384 3207 Iwn
1491 3165 1542 3207 17
1574 3164 1690 3207 hunc
1711 3166 1825 3220 fort.
1957 3165 2043 3207 nisi
2073 3165 2124 3207 in

254 3237 318 3279 lit.
344 3236 405 3278 M
469 3237 521 3278 19
554 3236 684 3278 nihili
722 3235 808 3279 Urs
840 3237 919 3289 (sic
942 3242 982 3279 et
1004 3236 1134 3290 infra
1159 3237 1186 3278 Z.
1213 3239 1269 3279 21
1293 3241 1334 3279 et
1359 3239 1440 3290 24)
1511 3236 1566 3279 20
1593 3236 1783 3279 destruit
1814 3237 1993 3292 (scilieet
2024 3250 2123 3291 pro-

252 3309 425 3364 phetias
458 3311 502 3350 et
534 3309 736 3363 spiritum
770 3310 977 3351 creatoris
1018 3323 1109 3363 qua
1148 3310 1380 3364 apostolus
1419 3309 1490 3351 dei
1522 3310 1726 3363 alterius)
1758 3310 1873 3362 MR,
1908 3308 2125 3352 destruxit

259 3380 341 3424 Gel
429 3381 481 3423 21
514 3382 608 3436 ipse
639 3382 824 3436 scripsi:
857 3382 971 3424 nihil
1000 3381 1101 3426 MR
1191 3382 1244 3424 23
1278 3383 1353 3437 qui
1383 3382 1461 3437 12³,
1496 3382 1612 3437 quod
1643 3381 1762 3426 MR¹

2157 1138 2201 1171 10

2148 1578 2202 1608 ‚15

2157 2019 2200 2049 20

2156 2460 2198 2489 :25
