2248 3646
117 1168 156 1198 10

121 1594 158 1624 15

121 2024 161 2054 20

117 2450 155 2479 25

115 2877 155 2906 30

556 225 651 266 VH.
683 223 945 265 Aduersus
977 224 1287 267 Marcionem
1318 225 1392 267 lib.
1422 225 1466 266 ΙΙ
1497 226 1618 270 6-7.
1895 229 2001 278 343

189 385 327 431 tuere
367 379 616 437 debuisse,
666 378 781 443 quia
820 379 963 428 aliter
1002 393 1149 443 quam
1191 377 1280 427 deo
1329 377 1526 427 deceret
1571 379 1748 439 euasit,
1796 379 1885 429 sed
1931 381 2000 429 di-

191 468 378 532 specto,
420 465 536 528 quia
572 465 643 514 ita
682 463 909 513 debuerit
945 463 1224 523 instituere,
1266 462 1407 512 saluo
1448 478 1503 513 eo
1544 464 1672 527 quod
1716 464 2002 530 dispectum

191 553 268 601 est
313 553 477 600 cetera
527 550 793 614 explorare.
835 551 1054 598 ceterum
1098 548 1240 597 facile
1281 551 1358 597 est
1396 548 1701 599 offendentes
1742 550 1914 599 statim
1951 550 2002 599 in

188 634 403 685 hominis
448 633 657 694 ruinam,
712 635 977 696 antequam
1037 632 1377 682 condicionem
1432 633 1539 682 eius
1592 633 1911 697 inspexerint,
1950 635 1998 683 in

192 723 445 771 auctorem
477 719 655 769 referre
690 718 821 782 quod
854 718 1052 777 accidit,
1094 717 1209 781 quia
1239 732 1330 767 nec
1364 718 1581 773 auctoris
1621 719 1896 769 examinata
1934 721 2001 770 sit

186 806 325 856 ratio.
387 805 598 867 denique
645 806 694 851 et
739 803 934 853 bonitas
983 802 1062 852 dei
1109 819 1136 852 a
1173 802 1443 867 primordio
1491 818 1694 867 operum
1739 808 2003 869 perspecta

188 890 507 956 persuadebit
529 889 653 938 nihil
680 904 706 937 a
732 889 821 938 deo
847 889 965 938 mali
992 888 1190 937 euenire
1214 887 1457 951 potuisse.
1484 890 1534 937 et
1555 888 1761 939 libertas
1786 890 2002 940 hominis

186 976 463 1041 recogitata
509 990 559 1024 se
607 974 777 1038 potius
823 989 957 1023 ream
1013 973 1242 1023 ostendet
1294 972 1472 1037 <eiuS,>
1525 973 1656 1037 quod
1708 974 1818 1039 ipsa
1871 991 2002 1028 com-

187 1062 343 1112 misit.

261 1149 302 1197 7.
340 1148 449 1197 Hac
481 1147 765 1196 definitione
800 1146 965 1195 omnia
998 1145 1087 1195 deo
1121 1145 1262 1194 salua
1302 1148 1436 1195 sunt:
1471 1147 1520 1195 et
1550 1149 1725 1194 natura
1757 1146 1996 1195 bonitatis

189 1238 238 1282 et
259 1234 384 1283 ratio
417 1232 764 1297 dispositionis
800 1236 849 1280 et
872 1230 1228 1295 praescientiae
1261 1233 1310 1280 et
1329 1226 1581 1296 pot‘entiae
1614 1232 1768 1296 copia.
1810 1232 2002 1296 exigere

189 1323 354 1368 tamen
382 1334 408 1367 a
432 1319 522 1368 deo
549 1318 699 1367 debes
734 1319 783 1367 et
807 1317 1109 1380 grauitatem
1144 1332 1392 1366 summam
1425 1319 1476 1366 et
1504 1316 1651 1366 fidem
1683 1316 2002 1381 praeeipuam

188 1406 237 1454 in
270 1406 402 1455 omni
435 1404 750 1454 institutione
791 1403 914 1463 eiu8,
954 1407 1012 1452 ut
1050 1403 1245 1452 desinas
1286 1417 1536 1466 quaerere,
1576 1418 1634 1451 an
1675 1403 1765 1452 deo
1804 1403 2003 1452 nolente

188 1491 407 1554 potuerit
452 1490 572 1553 quid
617 1489 832 1538 euenire.
892 1490 1066 1538 tenens
1114 1488 1244 1536 enim
1293 1487 1592 1552 grauitatem
1635 1491 1684 1536 et
1720 1487 1869 1536 fidem.
1909 1487 2003 1545 dei,

189 1576 330 1625 bonis
363 1577 412 1624 et
441 1574 768 1623 rationalibus
801 1572 1205 1622 institutionibus
1239 1573 1344 1622 eius
1378 1572 1722 1632 uindicandas,
1755 1587 1843 1622 nec
1877 1572 2005 1622 illud

189 1661 461 1717 miraberis,
497 1659 627 1723 quod
661 1658 782 1708 deus
815 1674 910 1707 non
942 1653 1283 1707 intercesserit
1315 1657 1555 1706 aduersus
1590 1673 1660 1717 ea,
1695 1672 1818 1720 quae
1843 1659 2006 1707 noluit

190 1747 403 1806 euenire,
445 1748 499 1794 ut
539 1746 854 1794 conseruaret
885 1758 956 1803 ea,
991 1758 1115 1806 quae
1154 1744 1332 1792 uoluit.
1376 1743 1418 1791 si
1452 1743 1578 1791 enim
1622 1743 1777 1792 semel
1815 1743 2000 1792 homini

188 1832 483 1896 permiserat
507 1830 696 1879 arbitrii
720 1830 1005 1878 libertatem
1038 1832 1088 1878 et
1110 1830 1416 1895 potestatem
1444 1831 1493 1876 et
1517 1827 1664 1892 digne
1691 1828 2000 1891 permiserat,

192 1918 323 1967 sicut
369 1916 695 1976 ostendimus,
749 1916 924 1978 utique
978 1898 1209 1963 fruendas
1265 1929 1345 1963 eas
1401 1929 1455 1962 ex
1508 1913 1616 1976 ipsa
1666 1913 2003 1964 institutionis

193 2003 486 2053 auctoritate
510 2001 818 2066 permiserat,
851 1999 1085 2049 fruendas
1111 2002 1296 2060 autem,
1330 2005 1570 2062 quantum
1595 1999 1642 2047 in
1668 1999 1795 2061 ipse,
1830 2014 2002 2048 seeun-

191 2089 308 2138 dum
340 2089 524 2152 ipsum,
563 2087 612 2136 id
647 2088 724 2136 est
756 2085 1029 2135 secundum
1064 2085 1228 2143 deum,
1268 2084 1318 2133 id
1358 2086 1436 2134 est
1471 2083 1520 2132 in
1552 2084 1754 2144 bonum,
1789 2114 1856 2119 —
1889 2085 1999 2148 quis

190 2174 319 2223 enim
374 2173 616 2222 aduersus
671 2187 724 2221 se
777 2172 1035 2236 permittet
1088 2169 1311 2234 aliquid?
1365 2199 1433 2205 ——·
1488 2173 1726 2233 quantum
1781 2185 1898 2219 uero
1952 2170 1999 2218 in

185 2260 400 2321 homine,
441 2258 715 2308 secundum
754 2260 919 2306 motus
966 2256 1211 2306 libertatis
1257 2256 1436 2320 ipsiuS,
1476 2284 1542 2290 —-
1582 2255 1692 2318 quis
1734 2255 1863 2304 enim
1904 2270 1998 2303 non

185 2346 279 2395 hoc
309 2347 531 2410 praestat
563 2344 621 2402 ei,
662 2343 742 2393 cui
776 2342 895 2406 quid
927 2341 1083 2391 semel
1113 2340 1211 2390 frui
1243 2343 1481 2405 praestat,
1522 2343 1578 2389 ut
1615 2356 1701 2404 pro
1743 2341 1906 2390 animo
1950 2343 2001 2389 et

187 2430 389 2480 arbitrio
421 2445 511 2479 suo
544 2430 771 2479 fruatur?
810 2457 877 2463 -—
909 2427 1065 2492 igitur
1097 2442 1406 2489 consequens
1441 2421 1559 2485 erat,
1600 2426 1674 2474 uti
1706 2426 1826 2475 deus
1868 2440 1999 2474 sece-

186 2517 323 2566 deret
360 2532 386 2564 a
422 2515 654 2565 libertate
701 2515 854 2564 semel
893 2529 1129 2564 concessa
1167 2512 1373 2571 homini,
1420 2512 1469 2560 id
1516 2514 1593 2561 est
1631 2510 1908 2560 contineret
1946 2510 1992 2559 in

185 2601 456 2666 semetipso
503 2603 552 2650 et
595 2599 977 2663 praescientiam
1025 2600 1073 2646 et
1119 2597 1513 2662 praepotentiam
1553 2612 1709 2656 suam,
1749 2612 1835 2660 per
1874 2611 1995 2659 quas

183 2687 528 2737 intercessisse
559 2685 828 2750 potuisset,
868 2684 1135 2747 quominus
1169 2683 1318 2732 homo
1350 2683 1477 2731 male
1509 2682 1739 2731 libertate
1772 2697 1860 2730 sua
1899 2682 1995 2729 frui

185 2772 453 2837 adgressus
484 2771 532 2820 in
565 2770 842 2834 periculum
873 2769 1140 2819 laberetur.
1188 2768 1229 2816 si
1263 2768 1390 2817 enim
1423 2766 1807 2823 intercessisset,
1848 2766 1994 2816 resci-

187 2857 344 2907 disset
375 2856 565 2906 arbitrii
595 2855 894 2914 libertatem,
936 2869 1083 2917 quam
1123 2853 1312 2902 ratione
1353 2855 1401 2901 et
1430 2852 1653 2901 bonitate
1684 2851 1993 2916 permiserat.

187 2942 398 3007 (lenique
430 2945 551 3007 puta
581 2940 943 3000 intercessisse,
982 2942 1105 3002 puta
1134 2938 1403 2988 rescidisse
1435 2937 1578 2986 illum
1620 2936 1809 2986 arbitrii
1848 2936 1992 2985 liber-

244 3126 261 3165 1
298 3125 397 3178 quia
427 3123 536 3164 Lat.-
569 3122 638 3176 qui
669 3121 765 3162 MR-
882 3120 959 3161 deo
986 3118 1118 3168 JlRl„
1140 3119 1262 3159 deum
1293 3117 1501 3171 R2uu190
1589 3117 1613 3157 8
1647 3116 1847 3157 ostendet
1878 3115 1992 3156 Lat.-

185 3196 374 3236 ostendit
403 3194 500 3235 MR
587 3194 676 3234 eius
710 3191 812 3234 add.
836 3191 935 3244 Eny
1025 3190 1073 3230 13
1107 3190 1156 3230 ut
1174 3190 1240 3241 M,
1274 3192 1317 3229 et
1340 3188 1382 3230 R
1471 3188 1521 3228 15
1552 3187 1676 3228 bonis
1709 3190 1751 3227 et
1783 3188 1855 3239 (cf.
1881 3189 1988 3237 344,

184 3269 255 3316 18)
287 3266 462 3318 sco-ipsi:
491 3264 594 3306 boni
625 3263 698 3304 sed
729 3262 825 3303 MR
919 3263 970 3303 27
1004 3260 1232 3314 semetipso
1264 3259 1330 3307 M,
1361 3246 1453 3313 ipsi)
1484 3257 1526 3299 R
1614 3258 1664 3299 31
1697 3257 1988 3298 intercessisse

184 3337 240 3389 R,
270 3337 572 3378 intercessione
603 3334 655 3374 M
