2248 3646
155 176 301 229 XXII
909 166 1262 211 Praefatio.

154 336 204 386 iu
245 333 318 384 eis
360 329 643 397 opusculiS‚
692 343 821 394 quae
861 327 910 377 in
951 323 1331 376 Paterniacensi
1372 325 1586 385 exstant,
1633 324 1685 374 in
1726 322 2017 390 Montepes-

158 423 337 474 sulano
377 435 475 470 non
517 418 828 483 comparent,
871 413 1073 465 codices
1106 411 1211 463 NG
1245 412 1296 462 in
1330 411 1629 463 uniuersum
1670 415 1845 463 contra.
1875 412 2018 464 Hirs-

156 508 427 576 augienses
477 521 594 556 cum
640 501 1024 554 Paterniacensi
1069 501 1235 552 facere
1282 499 1539 562 umerum,
1596 516 1653 550 ex
1700 516 1798 565 quo
1847 503 2018 551 tamen

158 598 206 648 in
253 595 333 646 his
373 593 606 660 partibus
648 607 733 642 eos
781 589 988 640 fluxisse
1036 604 1096 638 ne
1146 587 1412 638 credamus
1466 588 1678 638 lacunae
1732 588 2024 655 impediunt

158 684 318 736 solius
358 678 768 734 Paterniacensis
809 676 1056 745 propriae.
1111 674 1322 727 eandem
1369 677 1541 727 autem
1580 675 1829 726 rationem
1867 676 2021 727 inter-

159 770 336 823 cedere
365 769 498 820 inter
535 765 647 818 GN
671 769 722 817 et
752 763 1152 831 Hirsaugienses
1184 763 1236 814 in
1270 763 1343 814 eis
1378 763 1601 830 scriptis
1643 780 1772 829 quae
1808 779 1863 814 ex
1897 764 2020 815 solis

158 856 619 926 Hirsaugiensibus
667 854 829 906 edidit
871 853 1164 915 RhenanuS‚
1211 852 1492 904 uoluminis
1541 852 1708 917 quarti
1748 856 2021 918 apparatus

160 947 368 999 criticus
409 943 626 996 docebit.
674 942 970 993 absolutum
1002 941 1164 1008 igitur
1204 956 1320 991 cum
1355 940 1423 991 sit
1460 955 1553 991 nec
1593 956 1649 990 ex
1687 940 2023 1006 Hirsaugien-

161 1034 304 1086 sibus
358 1049 451 1085 nec
505 1048 562 1083 ex
615 1028 996 1081 Paterniacensi
1034 1028 1124 1079 illa
1165 1028 1357 1095 scripta
1396 1027 1672 1094 desumpta
1710 1044 1839 1090 esse,
1895 1028 2025 1079 ueri-

160 1121 484 1173 simillimum
522 1118 650 1169 mihi
688 1117 913 1179 uidetur,
968 1116 1105 1181 quod
1143 1116 1246 1166 iam
1288 1117 1433 1166 antea
1481 1116 1775 1181 suspicatus
1818 1116 2024 1181 eramst)

160 1208 403 1259 habuisse
429 1207 550 1258 olim
570 1205 1086 1271 Montepessulanum
1113 1204 1267 1254 etiam
1302 1204 1519 1255 alterum
1551 1204 1795 1256 uolumen
1827 1205 2025 1271 reliqua

162 1296 427 1348 continens
468 1293 694 1360 corporis
735 1291 1089 1344 Cluuiacensis
1146 1292 1395 1356 opuscula
1440 1308 1575 1342 nunc
1615 1292 1936 1359 deperditum
1978 1295 2027 1343 e't

163 1399 432 1449 superesse
470 1382 626 1433 liuius
666 1380 949 1432 uoluminis
989 1379 1306 1442 memoriam,
1346 1395 1655 1446 quamquam
1696 1380 2026 1445 deprauatam

162 1486 252 1522 nec
291 1471 559 1537 integram,
606 1469 657 1519 in
697 1470 806 1520 solo
846 1468 996 1520 hodie
1037 1467 1212 1519 codice
1254 1467 1545 1519 Florentino
1585 1466 1648 1518 N
1677 1470 1749 1533 (et
1785 1469 1833 1518 in
1877 1469 2030 1519 colla-

161 1558 391 1610 tionibus
432 1556 766 1623 Gorziensis),
804 1556 938 1608 unde
979 1558 1204 1623 apparet,
1246 1557 1423 1621 quanti
1463 1556 1608 1608 nobis
1645 1555 1847 1607 futurus
1882 1555 1950 1606 sit
1981 1555 2031 1606 in

165 1646 331 1711 quarti
362 1645 643 1697 uoluminis
675 1644 822 1695 libris
853 1644 1178 1695 recensendis
1211 1644 1294 1695 hic
1328 1660 1476 1709 quem
1504 1660 1650 1695 nemo
1677 1660 1842 1709 usque
1868 1643 2033 1693 adhuc

164 1733 388 1785 excussit
424 1733 555 1783 liber
592 1733 992 1798 manuscriptus,

237 1822 377 1872 Haec
403 1821 464 1871 de
490 1821 725 1872 codicum
751 1820 1117 1883 fundamentis,
1153 1821 1339 1884 quibus
1364 1821 1549 1871 nititur
1573 1821 1725 1872 huius
1751 1821 2032 1872 uoluminis

165 1909 411 1960 recensiO.
458 1908 659 1959 infirma
699 1924 756 1959 ea
796 1924 909 1959 esse
950 1911 999 1959 et
1037 1908 1243 1959 fallacia
1283 1925 1399 1960 cum
1438 1914 1558 1975 post
1595 1909 1816 1975 primum
1859 1922 2033 1960 omnes

166 1997 405 2062 deinceps
439 1997 805 2064 cognouissent
837 1997 1076 2059 editoi·eS‚
1108 2012 1197 2062 pro
1233 1998 1314 2048 sui
1348 1997 1566 2063 quisque
1598 1998 1791 2065 ingenii
1821 1997 2033 2048 faculta-

164 2084 306 2135 tibus
362 2084 673 2135 emendando
723 2084 921 2135 auctori
968 2088 1290 2135 nauauerunt
1337 2099 1559 2151 operam,
1617 2101 1641 2134 e
1682 2085 1869 2150 quibus
1911 2085 2035 2152 quid

168 2172 385 2237 quisque
418 2172 734 2237 praestiterit
764 2187 897 2222 nunc
928 2172 1107 2237 paucis
1142 2173 1238 2223 erit
1270 2172 1691 2223 adun‘ibrandum.
1725 2174 1896 2239 palma
1927 2173 2034 2224 sine

169 2259 322 2310 dubio
378 2259 716 2310 adiudicanda
771 2262 851 2310 est
903 2260 1081 2311 Beati
1137 2260 1407 2312 Rhenani
1472 2261 1760 2312 admirabili
1813 2261 2032 2328 ingenim

169 2346 255 2411 qui
295 2349 568 2413 postquam
610 2363 737 2398 anno
782 2349 917 2398 1521
962 2348 1178 2412 primam
1221 2348 1495 2399 editionem
1537 2348 1710 2399 emisit
1749 2364 1866 2415 prae
1907 2351 2033 2399 tem-

170 2434 306 2499 poris
340 2436 613 2502 angustiis,
656 2439 714 2485 ut
745 2436 855 2501 ipse
886 2436 1171 2501 profitetur,
1220 2437 1337 2501 plus
1378 2452 1538 2502 aequo
1578 2439 1907 2499 maturatam,
1949 2453 2036 2503 per

170 2521 357 2588 uiginti
394 2523 496 2573 fere
536 2539 689 2574 annos
733 2527 782 2574 et
819 2524 1198 2590 interpretando
1241 2527 1291 2575 et
1331 2524 1645 2576 emendando
1694 2525 1889 2575 auctori
1928 2529 2032 2574 tam

171 2612 431 2661 strenuam
462 2613 670 2677 tamque
702 2611 1012 2662 indefessam
1050 2612 1286 2663 adhibuit
1310 2612 1631 2673 industriam,
1664 2615 1796 2664 utin
1823 2629 2036 2679 sequen-

167 2699 307 2749 tibus
370 2698 566 2750 duabus
628 2699 939 2751 editionibus
1003 2701 1144 2752 annis
1209 2701 1347 2751 1528
1411 2703 1462 2751 et
1518 2701 1655 2751 1539
1718 2701 1922 2752 emissis
1985 2704 2035 2751 et

172 2785 486 2839 emendatior
517 2802 717 2853 semper
749 2789 799 2838 et
831 2787 1250 2840 adnotationibus
1282 2788 1480 2855 plenior
1525 2788 1751 2855 prodiret
1797 2789 2035 2843 Tertulli·

172 2889 313 2924 anuS.
354 2874 436 2925 cui
469 2877 718 2939 quantum
758 2876 1008 2940 profuerit
1049 2877 1308 2944 singulare
1349 2877 1459 2928 eius
1499 2877 1690 2943 ingenii
1730 2892 1942 2928 acumen
1976 2892 2036 2927 ac

169 2960 351 3012 iudicii
387 2961 638 3013 sobrietas
671 2962 836 3028 prima
867 2979 1098 3029 quaeque
1131 2964 1285 3016 huius
1319 2965 1600 3016 uoluminis
1633 2965 1819 3031 pagina
1849 2964 2036 3015 melius

173 3047 377 3099 docebit
402 3064 548 3113 quam
578 3050 946 3101 uerbosissima
969 3054 1142 3102 nostra
1165 3052 1409 3104 laudatio.
1443 3068 1594 3119 quam
1622 3053 1838 3103 feliciter
1864 3055 2036 3102 autem

174 3139 401 3187 exerceat
434 3136 732 3187 emendandi
773 3139 950 3202 artem,
991 3141 1152 3191 testes
1194 3142 1314 3189 sunt
1351 3139 1606 3205 imprimis
1638 3140 1754 3190 libri
1787 3140 2036 3190 aduersus

176 3222 534 3289 Hermoyenem
589 3227 638 3275 et
691 3224 939 3276 (diuersas
1003 3226 1405 3289 ValcvztinicmOS,
1470 3244 1597 3294 quos
1662 3245 1717 3278 ex
1772 3227 2036 3279 codicibus

251 3379 281 3432 1)
316 3380 544 3424 Kritische
584 3381 874 3425 Vorarbeiten
906 3399 944 3439 p.
983 3385 1047 3428 13.
