2248 3646
857 332 1200 375 Praefatio.
1750 335 1939 385 XXXV

123 489 307 541 tullian
341 488 632 552 inscriptuS,
673 487 759 552 qui
795 488 983 552 prodiit
1020 488 1216 553 Lipsiae
1255 503 1381 539 anno
1415 489 1567 550 1903,
1601 488 1720 539 dum
1756 489 1859 540 iam
1888 489 1938 539 in

121 575 273 641 prelis
313 576 420 625 erat
457 588 601 638 opus,
642 588 669 622 a
706 588 786 623 me
824 573 874 624 in
914 573 1155 624 auxilium
1194 573 1363 624 uocari
1407 574 1574 639 potuit
1617 574 1936 639 multumque

120 662 206 711 uel
254 661 305 711 in
359 658 667 710 emendando
726 659 811 709 uel
861 660 912 710 in
965 659 1335 724 interpretando
1392 662 1594 710 auctore
1646 659 1771 710 mihi
1828 675 1938 726 pro-

118 746 230 797 fuit.
286 774 355 783 ——
405 743 555 795 Haud
605 759 819 808 paruum
879 744 1092 809 denique
1151 744 1371 795 fructum
1429 744 1628 810 percepi
1688 760 1744 795 ex
1804 745 1935 796 curis

121 831 159 881 Ι.
201 846 312 881 van
352 830 452 880 der
489 828 669 879 Vliet
704 829 1059 890 HarlemensiS,
1102 829 1187 894 qui
1216 829 1264 878 in
1296 829 1424 880 libro
1457 844 1547 879 suo
1580 828 1762 881 Studia
1797 828 1937 879 eccle-

118 916 325 966 siastica
362 914 616 981 (Lugduni
647 914 956 965 Batauorum
990 913 1149 982 1891)
1182 914 1244 965 ad
1280 914 1430 966 huius
1467 914 1743 965 uoluminis
1779 915 1936 967 libros

122 1001 179 1051 de
228 1001 479 1064 patientia
539 1002 588 1050 et
648 999 890 1050 aduersus
940 999 1259 1050 Marcionem
1318 1000 1636 1051 coniectanea
1694 999 1937 1066 quaedam

119 1086 393 1152 congessit,
445 1085 496 1135 in
553 1084 737 1150 quibus
789 1085 924 1136 haud
975 1101 1136 1151 pauca
1194 1087 1297 1136 tam
1358 1085 1606 1152 sagaciter
1665 1089 1715 1136 et
1771 1085 1937 1152 lepide

117 1171 285 1221 inueni
324 1170 602 1232 emendata,
641 1173 700 1220 ut
738 1171 867 1221 inter
904 1171 1059 1222 uerba
1098 1186 1154 1222 ea
1189 1171 1408 1235 recipere
1445 1186 1542 1222 non
1583 1171 1935 1222 dubitauerim.

186 1256 403 1306 Prodeat
438 1256 595 1322 igitur
631 1256 730 1306 iam
770 1256 820 1305 in
858 1256 1023 1307 lucem
1061 1256 1157 1308 hoc
1194 1257 1450 1319 uolumen,
1495 1272 1591 1307 non
1635 1257 1779 1322 parui
1818 1271 1936 1307 sane

116 1342 301 1392 laboris
336 1356 479 1407 opUS,
521 1341 610 1392 sed
647 1342 807 1406 pluris
844 1342 1064 1392 iucundi.
1106 1358 1201 1408 quo
1243 1343 1287 1393 si
1333 1343 1646 1407 aliquantum
1684 1343 1937 1407 profuisse

115 1427 324 1477 uidebor
367 1427 661 1477 Latinorum
708 1430 970 1478 auctorum
1018 1427 1316 1478 difficillimo
1365 1430 1413 1478 et
1460 1428 1837 1491 obscurissime,
1890 1430 1934 1481 is

119 1512 244 1562 satis
284 1527 498 1578 magnus
535 1511 662 1562 mihi
699 1512 851 1563 huius
895 1513 1082 1564 laboris
1130 1513 1225 1564 erit
1268 1514 1479 1565 fructus.
1527 1516 1747 1564 ceterum
1786 1530 1936 1580 quam

119 1598 267 1648 fallax
305 1598 373 1647 sit
410 1597 708 1647 emendandi
746 1613 841 1658 ars,
880 1599 1174 1662 praesertim
1214 1614 1327 1649 cum
1373 1601 1477 1649 tam
1512 1598 1722 1651 infirmis
1762 1601 1935 1652 funda-

121 1683 302 1734 mentis
355 1682 560 1744 nitatur,
614 1684 724 1749 ipse
768 1699 821 1734 re
868 1684 990 1734 satis
1038 1687 1284 1749 expertUS,
1332 1686 1391 1735 ab
1439 1685 1537 1735 alio
1583 1686 1746 1738 libens
1793 1689 1934 1752 grato

116 1768 278 1819 animo
326 1768 533 1828 discam,
582 1767 625 1819 si
670 1769 790 1834 quid
835 1770 921 1820 uel
966 1770 1027 1820 ad
1071 1770 1497 1835 interpretandum
1542 1771 1627 1821 uel
1672 1770 1734 1821 ad
1771 1787 1935 1822 emen-

114 1853 330 1904 dandum
384 1856 639 1904 auctorem
694 1855 963 1906 contulerit
1013 1856 1341 1920 probabilius,
1401 1858 1564 1906 multa
1622 1857 1775 1916 enim,
1815 1858 1933 1922 quin

114 1939 427 1990 inemendata
463 1940 768 2004 reliquerim,
806 1941 969 1992 multa
1007 1943 1126 2006 quin
1162 1942 1342 1992 melius
1387 1942 1583 2007 possint
1620 1943 1799 2003 sanari,
1838 1959 1935 1994 non

115 2023 316 2075 dubito:
355 2024 407 2075 id
445 2028 615 2076 autem
653 2025 779 2075 mihi
817 2026 1035 2089 uindico,
1075 2028 1209 2092 quod
1245 2027 1425 2079 ubiubi
1463 2028 1666 2079 suberat
1693 2028 1934 2092 interpre-

112 2108 252 2158 tandi
289 2108 459 2174 aliqua
496 2109 788 2172 difficultaS,
825 2112 1037 2162 tacendo
1069 2128 1176 2163 eam
1210 2112 1544 2173 dissimulare,
1583 2115 1641 2163 ut
1678 2113 1931 2164 interdum

114 2193 222 2244 fieri
260 2196 405 2257 solet,
442 2195 597 2248 nolui.

188 2306 377 2373 Scripsi
416 2309 748 2374 Dusseldorpi
787 2311 848 2361 ad
887 2311 1132 2373 Rhenum,
1172 2313 1245 2363 Id.
1279 2313 1408 2363 Nou.
1450 2329 1494 2367 a.
1525 2312 1861 2364 MDCCCGV.

1104 2506 1418 2571 Aemilius
1465 2507 1843 2587 Kroymann.
