2248 3646
187 214 252 263 48
564 208 753 260 Quinti
785 208 1017 263 Septimi
1049 208 1328 250 Florentis
1361 208 1694 251 Tertulliani

183 370 420 435 probabit
472 370 649 420 Lazari
713 368 1017 434 exemplum.
1088 367 1205 418 dedi
1265 368 1427 434 igitur
1489 369 1781 420 aduersario
1855 369 2043 421 dicere:

184 473 302 523 ergo
357 473 484 522 quae
525 457 679 507 habet
725 456 1097 521 corpulentiam
1143 456 1399 520 propriam
1456 456 1515 506 de
1565 472 1657 507 suo
1714 457 1940 509 sufficiet
1987 458 2048 507 ad

180 544 483 594 facultatem
522 543 778 607 passionis
820 545 871 592 et
910 558 1110 604 sensus,
1159 545 1217 592 ut
1257 559 1355 592 non
1396 546 1546 609 egeat
1583 545 2048 609 repraesentatione

184 631 358 682 carnis.
403 631 560 680 immo
605 633 815 680 eatenus
856 630 1043 696 egebit,
1084 645 1182 680 non
1230 646 1325 695 qua
1370 630 1555 680 sentire
1590 630 1712 695 quid
1751 631 1860 681 sine
1902 646 2049 682 carne

180 736 277 770 non
326 719 508 783 possit,
559 718 646 768 sed
689 734 788 783 qua
826 733 1035 768 necesse
1086 719 1165 768 est
1201 716 1344 767 illam
1385 717 1539 767 etiam
1581 733 1699 768 curn
1748 735 1894 769 carne
1938 735 2048 770 sen·
2099 728 2119 760 5

179 807 290 857 tire.
341 807 591 871 quantum
639 806 773 856 enirn
822 805 883 855 ad
939 804 1194 871 agendum
1251 804 1311 855 de
1359 820 1450 855 suo
1500 805 1709 868 sufficit,
1756 809 1957 857 tantum
2000 810 2050 857 et

180 894 243 945 ad
295 894 610 959 patiendum.
667 893 729 943 ad
783 892 1039 960 agendum
1098 895 1270 942 autem
1330 893 1503 944 minus
1566 893 1626 944 de
1689 910 1782 945 suo
1839 894 2046 946 sufficit.

179 983 333 1032 habet
373 982 506 1033 enim
548 982 607 1032 de
664 997 757 1032 suo
814 980 1138 1032 solummodo
1196 980 1423 1047 cogitare
1477 982 1614 1032 uelle
1654 998 1839 1047 cupere
1881 983 2048 1047 dispo-

178 1086 314 1134 nere,
354 1069 417 1119 ad
455 1068 821 1134 perficiendum
863 1070 1034 1118 autem
1077 1083 1281 1134 operam
1331 1069 1491 1119 carnis
1542 1072 1788 1134 expectat.
1837 1070 1910 1120 sic
1956 1070 2048 1121 ita-

180 1174 275 1222 que
332 1159 382 1207 et
435 1157 497 1207 ad
551 1156 848 1222 patiendum
905 1156 1207 1206 societatem
1262 1157 1426 1208 carnis
1476 1160 1782 1223 expostulat,
1824 1160 1897 1209 >ut
1942 1160 2048 1208 tam
2081 1168 2124 1200 10

178 1246 326 1311 plene
380 1261 470 1310 per
525 1260 634 1296 eam
691 1244 798 1310 pati
854 1244 1021 1310 possit
1075 1258 1227 1308 quam
1283 1244 1392 1295 sine
1448 1260 1505 1295 ea
1558 1246 1705 1311 plene
1754 1261 1902 1313 agere
1950 1262 2047 1297 non

178 1333 360 1398 potuit.
404 1336 453 1382 et
492 1332 604 1382 ideo
646 1332 696 1382 in
738 1348 866 1397 quae
910 1332 968 1382 de
1011 1348 1102 1383 suo
1146 1332 1354 1393 sufficit,
1398 1349 1573 1384 eorum
1604 1334 1806 1384 interim
1849 1337 2048 1385 senten-

177 1421 301 1470 tiam
342 1421 534 1486 pendit,
578 1420 1024 1486 concupiscentiae
1068 1423 1117 1471 et
1158 1420 1419 1487 cogitatus
1463 1423 1514 1472 et
1552 1422 1855 1473 uoluntatis,
1897 1439 2046 1488 porro

178 1509 219 1558 si
281 1510 405 1559 haec
461 1508 588 1559 satis
654 1511 828 1559 essent
890 1509 952 1559 ad
1014 1508 1389 1573 plenitudinem
1451 1510 1768 1572 meritorum,
1831 1513 1890 1561 ut
1949 1526 2046 1560 non

175 1596 554 1661 requirerentur
602 1600 652 1647 et
698 1597 846 1654 facta,
906 1596 1168 1647 sufficeret
1212 1597 1263 1647 in
1310 1600 1478 1649 totum
1528 1599 1697 1649 anima
1743 1599 1805 1649 ad
1855 1600 2045 1664 perfec·
2081 1608 2120 1638 15

174 1684 367 1734 tionem
413 1684 609 1745 iudicii,
659 1684 719 1734 de
768 1685 847 1735 his
895 1684 1183 1747 iudicanda,
1231 1685 1282 1735 in
1332 1701 1459 1751 quae
1508 1686 1704 1753 agenda
1743 1688 1852 1739 sola
1899 1686 2048 1737 suffe-

176 1775 326 1822 cerat.
378 1788 495 1822 cum
535 1787 656 1823 uero
708 1773 863 1822 etiam
911 1772 1047 1823 facta
1097 1772 1335 1824 deuincta
1376 1776 1479 1824 sint
1524 1774 1740 1836 meritiS,
1788 1774 1923 1826 facta
1964 1792 2048 1826 au-

181 1863 287 1910 tem
326 1876 415 1926 per
455 1876 654 1910 carnem
697 1860 1134 1923 administrentur,
1175 1861 1278 1911 iam
1311 1878 1410 1913 non
1451 1861 1643 1912 sufficit
1682 1863 1902 1913 animam
1944 1864 2050 1914 sine

185 1964 330 1998 carne
369 1948 534 1998 foueri
567 1949 677 1999 siue
711 1948 926 1999 cruciari
957 1965 1046 2013 pro
1082 1949 1322 2015 operibus
1359 1950 1511 2000 etiam
1546 1950 1725 2001 carnis.
1767 1951 1865 2001 etsi
1897 1951 2055 2001 habet

185 2051 387 2101 coerS,
429 2036 525 2086 etsi
564 2035 720 2086 habet
757 2037 1001 2098 membra,
1034 2036 1246 2102 proinde
1284 2037 1362 2087 illi
1401 2054 1498 2088 non
1540 2037 1806 2089 sufficiunt
1844 2037 1905 2087 ad
1946 2054 2053 2089 sen<
2086 2049 2126 2078 2⁰

184 2123 414 2173 tiendum
471 2139 622 2189 quam
676 2139 768 2175 nec
831 2124 894 2174 ad
948 2124 1203 2191 agendum
1258 2125 1498 2190 perfecte.
1553 2125 1744 2176 idcirco
1805 2141 1895 2191 pro
1953 2141 2052 2190 quo

185 2212 336 2261 modo
386 2211 507 2277 egit,
556 2228 645 2277 pro
696 2228 752 2262 eo
803 2215 853 2262 et
890 2212 1088 2276 patitur
1134 2212 1270 2277 apud
1325 2213 1535 2273 inferos,
1589 2213 1725 2278 prior
1771 2212 2051 2279 degustans

184 2299 451 2360 iudicium,
516 2300 653 2350 sicut
697 2300 835 2365 prior
878 2299 1079 2350 induxit
1127 2300 1430 2362 admissum,
1474 2304 1744 2367 expectans
1791 2303 1962 2350 tamen
2003 2302 2053 2350 et

187 2402 407 2450 carnem,
462 2389 521 2438 ut
581 2404 672 2452 per
724 2388 867 2438 illam
917 2387 1070 2438 etiam
1125 2389 1261 2439 facta
1315 2391 1628 2453 compenset,
1685 2389 1769 2439 cui
1829 2388 2054 2455 cogitata

188 2475 468 2526 mandauit.
510 2475 728 2541 denique
768 2476 893 2526 haec
942 2476 1038 2527 erit
1075 2476 1206 2526 ratio
1246 2475 1295 2526 in
1336 2476 1579 2527 ultimum
1618 2476 1769 2527 finem
1810 2474 2053 2526 destinati
2083 2484 2127 2517 2⁵

188 2562 384 2624 iudicii,
448 2565 506 2613 ut
568 2562 879 2614 exhibitione
934 2563 1097 2613 carnis
1154 2563 1317 2614 omnis
1381 2563 1555 2614 diuina
1616 2579 1829 2614 censura
1879 2562 2053 2628 perfici

187 2650 368 2715 possit.
425 2650 654 2716 alioquin
716 2666 813 2701 non
881 2650 1225 2702 sustineretur
1281 2650 1331 2700 in
1400 2650 1569 2713 finem,
1620 2651 1757 2717 quod
1811 2653 1861 2701 et
1918 2665 2052 2701 nunc

188 2737 384 2788 animae
405 2738 748 2803 decerpuntur
772 2738 905 2805 apud
923 2739 1128 2791 inferos,
1157 2734 1221 2807 [si
1248 2738 1373 2789 solis
1393 2739 1659 2791 animabus
1679 2734 2053 2805 destinaretur]

265 2826 347 2876 18.
389 2825 672 2891 Hucusque
713 2825 1208 2890 praestructionibus
1251 2827 1443 2893 egerim
1490 2828 1553 2877 ad
1598 2825 1903 2877 muniendos
1945 2841 2054 2876 sen-

191 2928 280 2963 sus
313 2914 541 2964 omnium
568 2914 953 2980 scripturarum,
987 2929 1115 2980 quae
1156 2914 1320 2965 carnis
1352 2914 1695 2965 recidiuatum
1728 2914 2051 2981 pollicentur.
2085 2925 2127 2957 30

253 3041 272 3082 1
293 3040 499 3094 probabit
514 3041 667 3091 PMF,
685 3042 892 3098 probauit
912 3042 994 3086 Gez
1084 3043 1109 3084 2
1136 3043 1328 3085 sufficiat
1343 3043 1393 3085 F
1476 3043 1504 3086 4
1529 3057 1613 3098 qua
1628 3041 1751 3091 FR3,
1777 3042 1878 3097 quia
1893 3039 2056 3085 PMR1

194 3114 218 3155 5
230 3127 314 3168 qua
323 3113 445 3159 FR3.
458 3115 561 3169 quia
571 3114 732 3158 PMR²
777 3116 803 3159 6
815 3117 947 3158 etiam
960 3116 1015 3158 ad
1030 3116 1067 3158 C
1111 3117 1164 3158 19
1177 3116 1330 3164 carnis,
1342 3116 1571 3171 etsiuulyo
1617 3115 1673 3158 20
1684 3114 2056 3170 proinde-scripsi:

193 3200 305 3241 quae
318 3188 500 3242 proinde
511 3188 659 3231 PMF
713 3189 764 3232 21
785 3203 913 3244 quam
926 3203 1006 3232 nec
1020 3189 1199 3244 scripsi:
1213 3203 1293 3232 nec
1303 3189 1642 3245 PMF,<plene‚
1656 3187 2056 3244 quemadmodum>

192 3275 273 3303 nec
293 3261 377 3304 Get
392 3262 554 3317 reliqui
644 3277 728 3317 quo
741 3263 843 3307 PM
846 3279 861 3306 .·
878 3277 1052 3319 quoquo
1069 3263 1231 3305 FPam
1246 3262 1336 3318 Riy
1357 3262 1566 3306 oehlerus
1625 3263 1678 3305 27
1697 3261 2003 3304 sustinuerunt
2014 3261 2063 3303 F

194 3335 250 3377 28
274 3334 567 3390 decerpuntur
596 3335 665 3392 (id
694 3341 756 3379 est
787 3342 1050 3391 carpuntur,
1076 3337 1352 3391 puniuntur)
1377 3336 1532 3387 PMF,
1559 3335 1800 3391 decerpunt
1835 3334 1917 3377 Get
1953 3336 2056 3378 reli-

194 3408 272 3463 qui
390 3408 785 3452 si—destinaretur
814 3410 912 3453 secl.
933 3410 1036 3466 Eny
1064 3415 1117 3452 ut
1146 3410 1590 3464 interpretamentum
1618 3408 1832 3452 uocabuli
1862 3407 2058 3463 alioquin
