2248 3646
254 203 357 255 XII
996 201 1347 244 Praefatio.

246 364 483 415 lectionis
524 363 769 414 memoria
808 362 1046 413 destituti
1095 378 1290 425 sumus,
1346 362 1477 413 unde
1533 363 1699 429 qualis
1756 363 1825 414 sit
1879 365 2109 418 condicio

248 450 472 516 corporis
509 448 858 500 Cluniacensis
891 448 1117 499 iudicare
1141 449 1308 499 liceat.
1340 449 1476 500 haud
1510 451 1938 502 contemnendum
1973 452 2107 503 enirn

252 537 313 587 ad
339 537 467 587 hanc
491 552 597 587 rem
625 535 914 587 subsidium
947 535 1093 586 nobis
1128 537 1323 587 confert
1355 536 1510 588 editio
1549 537 1800 588 Martini
1834 538 2109 590 Mesnart

248 640 375 675 311110
427 625 563 674 1545
617 624 852 675 Lutetiae
907 624 1174 688 impressa,
1230 639 1383 689 quam
1435 624 1565 675 falso
1618 624 1797 675 Ioanni
1845 623 2108 693 Grangneio

247 711 466 762 adscribi
491 727 548 762 ex
580 710 866 762 acrosticho
897 710 1217 778 intellegitur
1249 710 1402 761 titulo
1436 710 1591 762 11111113
1625 711 1864 763 editionis
1891 712 2109 782 affixo.1)

245 799 289 850 is
332 799 464 850 enim
503 799 583 850 uir
622 798 803 849 doctus
843 798 893 848 in
926 798 1135 849 edendis
1170 798 1368 849 duobus
1404 798 1556 850 huius
1589 799 1869 851 uoluminis
1904 800 2110 866 scriptis

245 917 316 924 —-
354 887 413 937 cle
438 888 701 950 patientia
742 886 942 937 scilicet
981 888 1031 936 et
1070 886 1129 937 cle
1167 888 1340 937 carnis
1377 888 1741 937 «resurrectione
1772 917 1841 923 —
1873 887 1923 939 in
1956 904 2109 939 usum

248 975 454 1025 uocauit
493 974 621 1025 duos
663 974 791 1025 31103
829 975 988 1026 libros
1028 975 1422 1041 manusc1·iptOS‚
1463 991 1487 1026 e
1529 975 1716 1041 quibus
1757 978 1991 1039 alterum,
2040 1008 2109 1014 -—

247 1063 309 1113 ad
347 1063 536 1114 librum
575 1062 634 1113 cle
661 1062 918 1126 patientia
957 1063 1243 1114 adhibitum
1283 1094 1354 1100 —
1394 1064 1481 1130 qui
1519 1063 1676 1115 fuerit
1717 1067 1768 1116 et
1806 1066 1938 1116 unde
1972 1081 2110 1118 3000-

246 1150 380 1217 perit
425 1148 796 1217 ignoramus,2>
848 1152 1063 1202 alterum
1103 1150 1413 1219 1101111111133).
1462 1151 1680 1203 maxime
1722 1155 1894 1204 autem
1937 1153 2106 1204 dolen-

247 1239 366 1289 dum
423 1240 517 1300 est,
560 1237 693 1303 quod
747 1254 862 1301 non,
909 1241 968 1289 ut
1014 1238 1206 1300 debuit,
1261 1240 1356 1290 hos
1405 1239 1605 1292 codices
1645 1255 1734 1305 pro
1776 1240 2106 1293 fundamento

246 1324 419 1392 posuit
455 1325 505 1375 in
544 1325 866 1377 recensendis
910 1326 1016 1377 illis
1056 1325 1359 1377 Tertulliani
1404 1327 1565 1390 libris,
1616 1327 1704 1379 sed
1752 1328 1878 1379 satis
1928 1329 2111 1381 habuit

504 1510 534 1565 1)
569 1510 776 1552 Multum
808 1510 899 1553 clies
929 1511 1038 1554 haec
1068 1512 1171 1566 ipsa
1203 1513 1360 1565 (lector
1392 1514 1582 1556 candide

565 1583 832 1638 Ardertsque
864 1586 1016 1638 lector)
1051 1586 1267 1627 commodi
1297 1587 1377 1627 tibi
1411 1588 1566 1628 attulit

564 1658 836 1710 Rursusque
868 1657 965 1700 ilico
998 1658 1214 1700 commodi
1243 1660 1431 1701 multum
1465 1661 1632 1702 attulit.

567 1730 900 1772 Tertullianum
931 1731 1110 1773 taudem
1143 1731 1223 1773 tibi
1252 1732 1386 1774 habes
1416 1732 1635 1787 integrum

567 1804 809 1856 Ipsumque
841 1804 1009 1846 cunctis
1040 1805 1269 1858 eoepiatum
1298 1805 1530 1848 sordibus:

564 1877 676 1918 Non
709 1876 808 1919 dico
841 1891 914 1932 eqo
948 1877 1176 1920 authorem
1207 1878 1283 1920 sed
1316 1878 1519 1921 authoris
1551 1891 1686 1932 opera

577 1950 697 1991 Viris
730 1949 906 1992 disertis
935 1950 1096 1992 habita
1126 1964 1294 1993 summo
1325 1952 1374 1993 iu
1397 1951 1595 2005 pondere

571 2021 739 2064 »subtili
771 2022 831 2065 ad
859 2037 1046 2078 unyuem
1082 2023 1309 2078 Cypriauo
1341 2024 1533 2079 coquita,

562 2096 827 2150 BIagyuoque
855 2111 1022 2152 mayna
1053 2111 1105 2140 ex
1126 2102 1262 2152 parte
1292 2098 1424 2152 lapsa
1457 2103 1642 2152 tempore

565 2170 633 2210 Et
664 2170 923 2224 consepulta
952 2183 1073 2212 nuuc
1102 2171 1381 2213 reuiuiscuut
1413 2171 1509 2212 tibi.

570 2241 624 2283 St
656 2243 822 2296 leceris,
855 2243 1082 2285 mirabere.
1107 2245 1279 2298 poteris
1309 2244 1486 2286 interim

563 2316 776 2369 Notasse,
810 2321 1026 2369 quantum
1058 2317 1242 2359 caeteris
1274 2317 1558 2372 theoymphis

567 2388 773 2430 Antestet
804 2394 844 2431 et
874 2390 1105 2431 sententiis
1138 2395 1176 2432 et
1199 2390 1392 2444 floribus

562 2462 821 2515 Rerumque
850 2463 1072 2504 uarietate
1102 2476 1234 2517 quam
1262 2463 1535 2518 ¹cratissima.

570 2534 639 2576 Tu
660 2534 816 2587 fruere
849 2535 984 2577 lector
1015 2549 1204 2589 intinere,
1237 2542 1277 2578 et
1298 2537 1488 2590 faustus
1517 2536 1634 2578 uale.

321 2605 352 2660 2)
387 2607 536 2649 Inerat
570 2608 673 2649 olim
706 2608 817 2650 liber
849 2609 900 2651 de
923 2610 1156 2663 patientia
1185 2613 1300 2652 teste
1332 2610 1527 2652 indiculo
1569 2611 1699 2652 etiam
1730 2609 1775 2651 in
1808 2609 1954 2652 codice
1987 2612 2106 2665 Ago-

248 2678 432 2721 bardino
466 2694 605 2735 neque
637 2680 891 2723 incredibile
918 2682 1022 2723 mihi
1047 2682 1222 2724 uidetur
1248 2696 1296 2724 ex
1319 2685 1443 2737 parte
1477 2682 1651 2724 reuulsa
1681 2682 1939 2736 superstites
1970 2682 2105 2724 fuisse

249 2752 460 2794 Mesnarti
492 2754 763 2808 temporibus
796 2754 964 2809 aliquas
998 2755 1194 2797 lacinias.

323 2824 355 2878 3)
388 2826 467 2867 Est
504 2826 579 2868 ille
620 2827 764 2876 codex,
805 2827 1100 2871 Masburensis
1147 2828 1248 2870 libri
1290 2843 1315 2870 a
1354 2827 1634 2883 Sigismundo
1677 2827 1858 2871 Gelenio
1906 2830 2105 2884 usurpati

250 2899 435 2940 maxime
467 2900 622 2950 affinis,
665 2914 712 2942 ex
754 2914 835 2955 quo
877 2899 1121 2956 desumpsit
1151 2915 1309 2943 nouem
1352 2902 1428 2943 illa
1460 2901 1638 2956 scripta,
1672 2914 1782 2956 quae
1815 2915 1901 2944 non
1931 2902 2106 2945 inerant

251 2971 296 3011 in
329 2971 530 3013 Rhenani
563 2972 804 3015 codicibus:
848 2973 898 3015 de
938 2974 1182 3016 testimonio
1224 2975 1416 3027 animae,
1456 2975 1508 3017 de
1540 2975 1711 3027 anima,
1744 2974 1796 3017 de
1825 2976 2104 3029 spectaculis,

251 3043 302 3086 de
334 3044 564 3099 baptismo,
594 3046 833 3100 scorpiace,
866 3047 917 3088 cle
947 3046 1228 3101 idololatria,
1261 3047 1312 3090 cle
1333 3047 1577 3102 pudicitia,
1611 3047 1663 3089 cle
1691 3047 1858 3090 ieiunio
1891 3048 2107 3091 aduersus

242 3117 489 3172 psychicos,
523 3118 574 3160 de
603 3120 817 3161 oratioue.
852 3120 985 3161 fuisse
1019 3123 1166 3162 autem
1197 3121 1241 3161 in
1265 3120 1347 3162 hoc
1373 3120 1521 3163 codice
1547 3121 1678 3163 etiam
1704 3121 1812 3163 alios
1836 3125 1924 3164 tres
1955 3121 2105 3175 libros,

249 3192 293 3232 in
326 3191 483 3245 quibus
517 3191 696 3234 edendis
729 3192 876 3234 codice
907 3192 1182 3235 Masburensi
1214 3207 1259 3235 se
1292 3208 1415 3236 usum
1450 3207 1543 3237 esse
1574 3197 1765 3237 testatur
1797 3194 2106 3249 sigismundus

252 3263 458 3306 Gelenius
491 3290 543 3294 ——
578 3265 630 3307 de
661 3266 812 3308 carnis
843 3267 1156 3310 resurrectione
1187 3266 1282 3309 dico
1317 3269 1361 3310 et
1392 3267 1444 3310 cle
1473 3268 1828 3323 praescriptione
1864 3268 2103 3311 haeretico-

250 3350 349 3378 rum
383 3338 427 3378 et
459 3336 511 3379 de
539 3339 821 3392 monogamia
855 3364 908 3368 —
942 3337 1069 3381 docui
1106 3339 1152 3380 in
1192 3339 1499 3383 dissertatione
1536 3355 1634 3383 mea
1676 3340 1964 3395 Quaestiones
2000 3340 2103 3383 Ter-

253 3409 499 3451 tulliaueae
531 3410 710 3452 criticae
739 3410 1005 3466 (Oeniponte
1039 3412 1166 3466 1894)
1200 3427 1237 3466 p.
1273 3414 1397 3455 7—9.
