2248 3646
114 738 133 769 5

95 1165 131 1194 10

94 1590 129 1620 15

90 2018 128 2047 20

89 2436 129 2468 25

540 223 634 264 VII.
670 223 933 264 Aduersus
964 223 1276 264 Marcionem
1310 223 1383 263 lib.
1416 223 1437 263 Ι
1471 224 1590 264 1—3.
1881 228 1982 277 293

165 379 376 429 fructus.
446 380 496 428 et
553 378 624 427 ita
681 378 729 427 in
785 377 983 428 Christo
1046 377 1188 441 quasi
1250 377 1398 426 aliam
1452 379 1710 428 inueniens
1772 379 1984 445 disposi-

165 464 352 513 tionem
398 463 556 513 solius
606 465 655 512 et
692 478 844 528 purae
892 462 1238 527 benignitatis,
1286 465 1344 512 ut
1390 462 1619 513 diuersae
1659 480 1687 512 a
1725 466 1980 525 creatoris7

162 549 309 598 facile
356 563 537 598 nouam
591 550 641 597 et
692 548 945 611 hospitam
1000 550 1380 611 argumentatus
1436 551 1511 598 est
1566 549 1884 598 diuinitatem
1931 550 1981 599 in

165 633 362 684 Christo
404 649 494 684 suo
533 633 808 682 reuelatam
845 632 1145 696 modicoque
1186 632 1359 682 exinde
1399 633 1643 683 fermento
1675 636 1835 683 totam
1859 635 1982 684 fidei

164 733 381 769 massam
426 717 674 767 haeretico
723 732 866 766 acore
914 716 1147 780 desipuit.
1196 716 1374 765 habuit
1420 720 1469 765 et
1515 717 1788 768 Cerdonem
1835 734 1981 782 quen—

162 802 274 852 dam
326 803 699 853 informatorem
753 801 975 851 scandali
1029 802 1203 850 huius:
1276 801 1372 851 duo
1428 802 1626 852 facilius
1682 803 1807 853 duos
1863 805 1980 853 deos

163 889 296 938 caeci
341 887 654 951 perspexisse
701 901 754 936 se
802 886 1232 936 existimauerunt·
1283 901 1437 935 unum
1477 886 1608 935 enim
1653 902 1748 935 non
1788 888 1980 953 integre

161 975 403 1023 uiderant.
457 972 787 1036 lippientibus
829 971 979 1021 etiam
1028 971 1298 1036 singularis
1348 971 1551 1021 lucerna
1589 987 1855 1021 numerosa
1893 976 1981 1022 est.

162 1059 373 1109 alterum
411 1059 567 1123 igitur
607 1058 774 1115 deum,
816 1072 964 1121 quem
1005 1056 1230 1106 confiteri
1271 1057 1557 1121 cogebatur,
1600 1057 1656 1105 de
1690 1059 1820 1108 malo
1860 1058 1980 1107 infa-

159 1144 339 1193 mando
410 1143 669 1203 destruxit,
739 1142 968 1203 alterum,
1040 1157 1187 1205 quem
1259 1142 1586 1192 commentari
1648 1142 1978 1203 conitebatuig

162 1229 220 1278 de
273 1229 402 1279 bono
455 1227 775 1292 praeferendo
832 1226 1123 1277 construxit,
1185 1227 1273 1276 has
1332 1229 1533 1276 naturas
1589 1227 1768 1290 quihus
1817 1228 1979 1293 dispo-

161 1314 318 1363 suerit
355 1313 599 1371 articuliS‚
638 1327 726 1376 per
763 1311 899 1376 ipsas
938 1312 1289 1375 responsiones
1329 1313 1525 1361 nostras
1568 1311 1907 1362 ostendemus,

232 1400 278 1448 3.
323 1397 619 1462 Principalis
659 1397 830 1460 itaque
872 1399 922 1446 et
968 1397 1139 1446 exinde
1179 1399 1286 1445 tota
1325 1397 1611 1460 congressio
1659 1397 1718 1446 de
1755 1414 1977 1458 numer-0,

162 1500 221 1533 an
263 1484 386 1533 duos
427 1483 546 1532 deos
585 1482 737 1531 liceat
773 1481 959 1543 induci,
1002 1482 1043 1531 si
1083 1482 1228 1540 sorte,
1267 1483 1466 1545 poetica
1505 1489 1555 1530 et
1585 1483 1795 1545 pictoria
1831 1483 1980 1532 licen<-

162 1570 244 1630 tia,
292 1573 340 1619 et
377 1568 525 1618 tertia
569 1568 683 1628 iam,
732 1567 998 1616 haeretica.
1046 1567 1133 1616 sed
1180 1567 1366 1616 ueritas
1416 1567 1697 1617 Christiana
1744 1568 1980 1618 destricte

160 1653 528 1718 pronuntiauit:
584 1652 705 1701 deus
754 1652 796 1701 si
841 1667 935 1701 non
981 1667 1111 1702 unus
1159 1653 1250 1712 est,
1306 1667 1402 1701 non
1458 1654 1549 1712 est,
1606 1653 1722 1715 quia
1775 1652 1978 1718 dignius

159 1739 407 1789 credimus
448 1754 542 1788 non
576 1753 684 1787 esse
719 1737 1068 1801 quodcumque
1099 1753 1194 1786 non
1226 1737 1296 1786 ita
1327 1737 1495 1798 fuerit,
1530 1740 1587 1787 ut
1618 1753 1727 1787 esse
1761 1739 1976 1790 debebit.

159 1825 307 1875 deum
347 1827 511 1873 autem
550 1826 603 1872 ut
643 1823 771 1872 scias
804 1838 961 1872 unum
1001 1822 1338 1881 essedebere,
1374 1838 1553 1885 quaere
1587 1823 1704 1886 quid
1739 1824 1804 1873 sit
1837 1824 1976 1883 deus,

159 1914 208 1958 et
259 1924 353 1958 non
406 1909 550 1957 aliter
600 1908 839 1957 inuenies.
904 1910 1146 1970 quantum
1209 1907 1425 1956 humana
1486 1908 1710 1958 condicio
1773 1908 1833 1959 de
1886 1910 1976 1959 deo

160 1993 359 2043 definire
399 1995 583 2057 potest,
620 1992 671 2041 id
710 1992 906 2052 defini0‚
948 1993 1079 2056 quod
1120 1994 1170 2042 et
1208 1992 1431 2041 omnium
1478 1993 1784 2042 conscientia
1829 2009 1976 2058 agno-

163 2082 288 2129 scet:
331 2078 477 2128 deum
518 2094 772 2128 summum
806 2093 916 2127 esse
948 2092 1185 2142 magnum
1217 2077 1267 2126 in
1301 2078 1594 2127 aeternitate
1628 2078 1976 2138 constitutum,

160 2162 422 2231 [innatum‚
453 2163 713 2221 infectum,
747 2162 851 2212 sine
883 2162 1043 2221 initio,
1078 2162 1183 2211 sine
1214 2159 1327 2228 fine]
1360 2192 1427 2196 ——
1460 2163 1590 2212 hunc
1624 2163 1756 2212 enim
1788 2167 1974 2212 statum

161 2248 441 2298 aeternitati
482 2250 514 2312 †
555 2246 876 2307 censendum,
924 2262 1047 2311 quae
1095 2262 1346 2296 summum
1394 2263 1632 2312 magnum
1680 2248 1824 2298 deum
1875 2248 1975 2298 effi-

161 2335 274 2395 ciat⁷
315 2334 430 2383 dum
470 2334 562 2383 hoc
604 2336 681 2382 est
718 2333 765 2381 in
807 2333 896 2382 deo
936 2333 1046 2396 ipsa
1086 2362 1148 2366 —
1192 2336 1341 2395 atque
1387 2333 1458 2382 ita
1497 2336 1547 2382 et
1585 2335 1766 2393 cetera,
1814 2338 1871 2383 ut
1909 2334 1977 2383 sit

160 2420 280 2469 deus
336 2435 589 2468 summum
643 2433 880 2484 magnum
929 2421 977 2467 et
1022 2418 1181 2467 forma
1228 2420 1278 2466 et
1322 2418 1511 2468 ratione
1561 2421 1611 2468 et
1653 2419 1704 2468 ui
1753 2422 1802 2468 et
1839 2423 1974 2483 pote-

161 2508 304 2555 state.
332 2520 443 2553 cum
478 2504 536 2552 de
571 2506 665 2553 isto
703 2503 937 2552 conuenit
968 2503 1098 2567 apud
1125 2518 1312 2562 omneS‚
1341 2533 1407 2538 —-
1431 2519 1575 2553 nemo
1610 2504 1739 2553 enim
1771 2505 1975 2570 negabit

300 2616 339 2670 4]
374 2615 425 2656 cf.
456 2615 476 2656 I
508 2614 602 2657 Cor.
634 2617 672 2668 5,
704 2616 743 2658 6.

215 2702 239 2742 2
272 2699 471 2741 creatoris
502 2700 673 2752 scripsi:
708 2702 896 2740 creatore
920 2700 975 2740 M
995 2700 1035 2753 (e
1060 2713 1111 2740 ese
1135 2713 1182 2740 ae
1210 2713 1237 2740 a
1260 2713 1312 2741 m.
1336 2703 1375 2751 1)
1398 2699 1442 2741 R
1523 2703 1547 2741 5
1579 2714 1700 2741 acore
1722 2699 1798 2748 12³,
1830 2714 1972 2742 acrore

159 2769 274 2812 ΜΒ1
363 2770 551 2823 desipuit
574 2769 698 2812 Scal:
724 2770 892 2823 decepit
915 2771 1012 2813 MR
1035 2772 1107 2823 (cf.
1134 2775 1276 2811 autem
1299 2771 1331 2811 I
1352 2773 1459 2820 246,
1485 2773 1563 2823 12;
1584 2774 1695 2822 260,
1725 2773 1766 2823 7)
1841 2772 1863 2811 6
1889 2771 1970 2811 duo

158 2843 330 2895 scripsi:
362 2855 443 2895 quo
476 2841 573 2883 MR
661 2842 686 2883 8
716 2842 967 2895 lipientibus
991 2843 1047 2883 M
1141 2843 1269 2883 etiam
1300 2844 1349 2895 (s.
1376 2855 1416 2885 u.
1445 2856 1473 2882 a
1495 2856 1548 2885 m.
1573 2845 1611 2895 1)
1633 2842 1693 2883 M
1770 2844 1816 2883 11
1851 2857 1970 2896 prae-

160 2913 424 2964 struferendo
446 2913 511 2964 M,
529 2913 834 2965 praestruendo
851 2912 926 2965 1131,
943 2913 1219 2967 praeferendo
1236 2912 1299 2955 R³
1390 2914 1441 2954 12
1459 2914 1729 2954 ostendemus
1746 2914 1811 2966 M,
1830 2917 1971 2955 osten-

161 2985 296 3026 dimus
314 2985 502 3038 Ruulglo
592 2985 641 3026 17
668 2984 878 3026 credimus
902 2998 985 3025 non
1001 2985 1111 3037 MR,
1136 2999 1221 3025 non
1247 2982 1457 3025 credimus
1474 2985 1521 3026 F
1603 2998 1686 3025 non
1704 2985 1767 3025 ita
1782 2985 1891 3034 MR,
1909 2986 1972 3025 ita

159 3070 242 3097 non
271 3055 318 3096 F
415 3056 465 3096 21
501 3057 781 3097 constitutum
811 3057 926 3108 refer
957 3057 1017 3098 ad
1046 3069 1253 3097 summum
1285 3070 1497 3109 maguum,
1530 3070 1620 3097 non
1651 3056 1711 3097 ad
1741 3056 1865 3097 <icum
1898 3057 1968 3108 (cf.

158 3126 282 3179 infra
306 3126 333 3166 l.
359 3128 441 3166 23:
465 3138 571 3178 quae
596 3139 802 3166 summum
826 3126 931 3179 sqq.)
1019 3125 1072 3165 22
1096 3127 1289 3166 innatum
1316 3150 1368 3155 —
1392 3125 1475 3166 fine
1499 3126 1674 3167 seclusi:
1702 3126 1972 3179 inieipolata

158 3202 261 3238 sunt
290 3197 344 3238 ab
367 3210 426 3245 eo,
461 3197 535 3249 qui
557 3197 801 3250 sequentia:
822 3198 933 3238 hunc
959 3198 1071 3239 enim
1096 3201 1253 3238 statum
1280 3197 1345 3249 (id
1365 3201 1425 3237 est
1447 3198 1601 3238 summi
1623 3197 1771 3249 mayni
1792 3201 1969 3248 statum)

159 3281 248 3309 non
276 3268 502 3310 intelleaeit.
612 3269 899 3320 parenthesin
921 3269 1123 3310 indicaui
1209 3269 1261 3309 23
1296 3271 1472 3321 cense<0
1505 3268 1835 3319 uindioa>ndum
1859 3268 1968 3319 fort.

161 3338 213 3379 24
246 3341 289 3379 et
320 3347 459 3380 cet-era
491 3339 579 3379 scil.
613 3352 776 3380 summa
805 3353 962 3393 magna
1071 3341 1123 3380 26
1158 3340 1355 3380 conuenit
1385 3339 1494 3389 MF,
1529 3339 1753 3380 conueniat
1782 3339 1969 3391 Rmalyo
