2248 3646
193 231 298 281 488
561 227 750 279 Quinti
784 226 1014 282 Septimi
1044 226 1323 270 Florentis
1356 228 1690 272 Tertulliani

192 389 318 455 quid
370 389 456 439 uel
509 387 591 440 hic
647 388 812 451 editit,
855 387 1039 439 cuius?
1078 387 1319 454 prohibet
1364 404 1451 440 eos
1499 390 1665 441 uictui
1711 397 1800 442 aut
1847 394 2062 445 uestitui

193 476 317 542 quid
364 477 415 527 in
470 477 610 527 uiam
663 476 810 527 ferre.
859 475 974 542 quis
1020 476 1117 526 hoc
1158 476 1469 539 mandasset,
1513 477 1613 529 nisi
1657 478 1743 544 qui
1785 481 1838 530 et
1877 495 2059 533 coruos

194 564 285 615 alit
339 567 390 616 et
440 564 591 615 flores
646 564 754 630 agri
794 564 968 626 uestit,
1011 563 1097 629 qui
1135 564 1258 615 boui
1299 580 1501 630 quoque
1541 565 1725 616 terenti
1769 567 2062 620 libertatem

195 652 296 704 oris
322 651 386 702 ad
408 652 611 703 ueniam
644 652 822 717 pabuli
846 667 902 702 ex
928 666 1076 716 opere
1102 652 1463 702 summouendi
1496 655 1611 704 ante
1636 655 1911 721 praecepit,
1945 656 2064 721 quia

195 739 383 807 dignus
410 739 670 805 operarius
696 739 929 791 mercede
956 741 1079 790 sua?
1113 740 1237 790 haec
1261 739 1490 791 Marcion
1517 740 1699 803 deleat,
1736 742 1858 793 dum
1891 744 2064 795 sensui
2115 765 2135 794 5

197 828 342 879 salua
382 828 499 879 sint.
541 830 592 878 at
633 843 749 878 cum
782 828 930 878 iubet
961 828 1227 893 puluerem
1262 832 1496 879 excutere
1531 828 1591 879 de
1625 829 1841 895 pedibus
1874 831 1925 881 in
1961 848 2064 894 eOS,

197 933 225 967 a
265 916 452 982 quibus
494 916 689 981 excepti
728 931 825 966 non
863 915 1102 977 fuissent,
1146 919 1197 966 et
1233 916 1330 967 hoc
1367 916 1418 967 iu
1458 917 1817 968 testimonium
1858 920 2068 970 mandat

196 1004 324 1055 fieri.
374 1019 523 1054 nemo
571 1005 795 1054 testatur
844 1003 981 1068 quod
1028 1018 1127 1054 non
1173 1003 1365 1055 iudicio
1415 1004 1725 1056 destinatur:
1783 1006 2070 1058 inhumani-

197 1094 357 1143 tatem
414 1091 502 1158 qui
548 1091 600 1142 in
653 1091 983 1142 testationem
1031 1091 1196 1158 redigi
1242 1091 1388 1143 iubet
1431 1092 1656 1143 iudicem
1711 1095 2067 1146 comminatur.

198 1181 400 1231 nullum
456 1179 609 1230 deum
661 1195 854 1230 nouum
895 1196 924 1229 a
964 1178 1166 1230 Christo
1220 1180 1494 1245 probatum
1547 1181 1638 1231 illa
1693 1181 1848 1232 etiam
1898 1182 2069 1248 opinio
2103 1203 2143 1234 10

202 1268 430 1319 omnium
481 1267 779 1330 declarauit,
837 1283 936 1333 qua
986 1266 1247 1319 Christum
1295 1268 1468 1319 Iesum
1527 1269 1615 1319 alii
1660 1268 1938 1321 Iohannem
1987 1270 2073 1320 alii

200 1356 405 1407 Heliam
445 1355 533 1406 alii
564 1372 723 1407 unum
758 1356 982 1421 aliquem
1017 1371 1074 1406 ex
1105 1355 1373 1407 ueteribus
1408 1356 1669 1422 prophetis
1702 1357 1896 1409 Herodi
1930 1357 2074 1409 adse-

202 1445 465 1495 uerabant.
516 1459 573 1494 ex
613 1443 800 1509 quibus
842 1443 1156 1509 quicumque
1197 1443 1400 1505 fuisset,
1441 1459 1540 1495 non
1579 1445 1760 1510 utique
1799 1446 1894 1496 hoc
1937 1448 2075 1496 esset

205 1532 505 1595 suscitatuS,
535 1533 595 1583 ut
628 1531 786 1582 alium
821 1531 972 1582 deum
1003 1534 1124 1595 post
1155 1531 1584 1583 resurrectionem
1615 1532 1949 1598 praedicaret.
1981 1533 2074 1583 Pa-

206 1621 305 1672 scit
350 1621 602 1686 populum
650 1620 700 1670 in
750 1619 1044 1682 solitudine,
1088 1619 1148 1669 de
1195 1619 1414 1685 pristino
1465 1619 1664 1671 scilicet
1702 1636 1860 1671 more.
1903 1623 1993 1671 aut
2032 1619 2075 1670 si
2106 1639 2146 1671 15

203 1725 302 1760 non
359 1709 538 1760 eadem
593 1711 672 1759 est
717 1707 979 1770 maiestas,
1037 1723 1156 1774 ergo
1204 1708 1307 1757 iam
1354 1707 1520 1758 minor
1567 1710 1646 1759 est
1692 1711 1932 1771 creatore,
1989 1708 2077 1774 qui

201 1814 301 1849 non
341 1812 442 1848 uno
485 1797 582 1858 die,
624 1795 714 1847 sed
756 1796 897 1847 annis
940 1795 1292 1863 quadraginta,
1333 1810 1425 1847 nec
1466 1795 1525 1846 de
1559 1795 1885 1847 inferioribus
1918 1798 2075 1848 mate-

204 1885 294 1936 riis
336 1885 480 1952 panis
523 1886 572 1935 et
620 1884 796 1950 piscis,
849 1883 939 1934 sed
988 1883 1048 1934 de
1087 1898 1272 1934 manna
1312 1882 1540 1944 caelesti,
1582 1898 1674 1934 nec
1717 1884 1941 1950 quinque
1983 1884 2076 1936 cir-

205 1974 347 2035 citer,
419 1972 508 2024 sed
571 1974 807 2023 sexcenta
868 1971 1012 2022 milia
1066 1970 1332 2021 hominum
1379 1971 1673 2036 protelauit.
1736 1971 1860 2022 adeo
1904 1974 2076 2023 autem

207 2061 434 2129 ea<dem>
479 2061 580 2111 fuit
625 2060 887 2122 maiestas,
929 2062 987 2110 ut
1028 2063 1078 2110 et
1123 2059 1302 2126 pabuli
1351 2059 1684 2125 exiguitatem
1731 2075 1830 2111 non
1876 2062 2076 2111 tanturn
2108 2080 2151 2111 20

207 2150 459 2212 sufficere,
499 2154 678 2200 uerum
720 2148 874 2198 etiam
917 2148 1188 2198 exuberare
1224 2147 1283 2197 de
1322 2147 1538 2213 pristino
1572 2147 1797 2199 uoluerit
1829 2148 2074 2213 exempIO.

210 2239 284 2291 sic
340 2238 473 2290 enim
529 2241 579 2289 et
632 2238 683 2287 in
730 2243 960 2303 tempore
1008 2236 1159 2287 famis
1203 2237 1297 2287 sub
1337 2236 1489 2287 Helia
1528 2236 1715 2287 uiduae
1757 2235 2078 2302 Sareptensis

209 2327 413 2379 modica
467 2330 517 2378 et
573 2341 813 2391 suprema
867 2325 1110 2376 alimenta
1166 2340 1224 2376 ex
1278 2325 1557 2390 prophetae
1597 2324 1952 2376 benedictione
1992 2340 2082 2390 per

209 2417 379 2466 totum
417 2414 569 2466 famis
608 2416 817 2480 tempus
857 2413 1285 2464 redundauerant.
1325 2412 1482 2463 habes
1516 2412 1721 2463 tertiam
1753 2412 2079 2463 Basiliarum.

212 2503 255 2553 si
289 2506 341 2554 et
380 2505 609 2568 quartam
652 2502 907 2562 reuoluaS,
954 2501 1188 2552 inuenies
1235 2502 1403 2552 totum
1447 2501 1581 2551 hunc
1621 2501 1849 2551 ordinem
1890 2499 2083 2552 Christi
2112 2520 2153 2552 25

213 2591 348 2643 circa
394 2592 544 2642 illum
592 2590 672 2641 dei
719 2590 997 2651 hominem,
1063 2588 1149 2655 qui
1197 2589 1397 2639 oblatos
1453 2588 1550 2639 sibi
1606 2588 1779 2639 decem
1829 2588 2080 2640 ordiacios

363 2707 402 2763 1]
439 2707 492 2750 cf.
524 2706 628 2748 Luc.
663 2707 703 2757 9,
737 2704 775 2747 3.
888 2705 932 2759 2]
970 2704 1022 2746 cf.
1054 2704 1126 2746 Ps.
1163 2704 1257 2755 146,
1292 2705 1338 2755 93
1373 2703 1489 2745 Hiob
1522 2703 1591 2753 38,
1624 2704 1694 2748 41.
1814 2703 1858 2760 3]
1892 2703 1944 2747 cf.
1977 2703 2081 2747 Luc.

216 2779 282 2834 12,
315 2780 385 2824 27.
421 2778 474 2822 cf.
506 2779 638 2822 Deut.
673 2778 742 2827 25,
775 2780 816 2820 4.
886 2778 929 2832 5]
964 2776 1016 2819 cf.
1049 2777 1156 2819 Luc.
1190 2776 1258 2832 10,
1292 2777 1331 2820 7.
1401 2777 1442 2830 6]
1477 2775 1530 2818 cf.
1561 2775 1667 2818 Luc.
1702 2776 1740 2826 9,
1766 2776 1804 2819 5.
1867 2777 1907 2831 7]
1941 2776 1997 2819 cf.
2022 2776 2081 2819 ib.

216 2854 285 2908 11]
320 2852 374 2895 cf.
405 2852 511 2895 Luc.
545 2854 587 2902 9,
620 2851 747 2893 7—9.
853 2851 926 2906 15]
963 2849 1016 2893 cf.
1049 2850 1151 2892 Luc.
1187 2850 1226 2903 9,
1262 2848 1446 2893 10-17.
1554 2847 1622 2904 17]
1658 2848 1710 2893 cf.
1743 2849 1878 2892 Exod.
1914 2850 1979 2901 16,
2012 2850 2081 2892 35.

217 2925 289 2980 18]
322 2924 375 2967 cf.
407 2924 543 2967 Emi,
579 2924 645 2978 12,
676 2924 746 2967 37.
837 2923 908 2978 2ο]
944 2922 997 2965 of.
1030 2923 1165 2965 Exod.
1198 2923 1237 2972 9,
1274 2922 1339 2964 17.
1430 2922 1504 2977 22]
1530 2921 1582 2964 cs.
1607 2921 1674 2963 111
1696 2921 1806 2977 neg.
1833 2923 1900 2973 17,
1926 2923 2083 2966 7—16.

215 2999 288 3053 26]
322 2998 373 3041 ef.
406 2997 499 3040 1111
529 2998 637 3052 aeg.
669 2998 710 3052 4,
741 2997 928 3040 42-45,

274 3088 302 3129 4
334 3085 637 3128 summouendi
660 3084 773 3135 MR,
807 3083 1007 3126 sumendi
1045 3082 1130 3126 Urs
1190 3084 1216 3125 9
1250 3098 1278 3125 a
1308 3083 1458 3126 uerbis
1486 3083 1532 3124 in
1562 3082 1850 3124 testationem
1871 3082 2018 3137 peryit
2040 3081 2089 3124 F

222 3160 274 3203 10
306 3160 525 3215 prolatum
547 3160 664 3213 fort.
726 3158 776 3201 11
814 3172 900 3214 qua
929 3157 1058 3213 Eny:
1090 3157 1192 3212 quia
1222 3156 1324 3200 MR
1387 3157 1439 3199 13
1472 3156 1556 3198 hoc
1586 3158 1659 3211 (z
1682 3157 1940 3210 propterea)
1971 3154 2084 3210 MF,

215 3233 335 3288 <ob>
367 3233 449 3275 hoc
480 3233 524 3276 R
547 3233 684 3286 uulqo
775 3233 892 3274 esset
914 3232 1097 3285 scripsi:
1130 3233 1197 3272 est
1219 3230 1319 3273 MR
1382 3231 1434 3272 16
1469 3233 1535 3272 est
1565 3229 1732 3284 (priore
1764 3230 1875 3280 loco)
1908 3229 2086 3282 scripsi:

222 3309 266 3349 et
282 3305 383 3348 MR
452 3305 506 3347 20
533 3305 683 3348 eadem
706 3305 867 3359 scripsi
900 3306 975 3359 (cf.
1009 3304 1036 3346 l.
1068 3306 1168 3356 16):
1202 3317 1252 3346 ea
1281 3303 1382 3346 MR
1457 3303 1511 3344 22
1544 3303 1810 3357 sareptensis
1833 3301 1902 3351 M,
1931 3301 2084 3356 Sarep-

218 3380 338 3422 tensi
378 3379 421 3422 R
444 3380 581 3434 uulyo
709 3379 764 3420 23
805 3391 1037 3433 supprema
1075 3377 1134 3419 M
1256 3377 1311 3419 25
1350 3376 1554 3418 reuoluas
1601 3374 1706 3418 Urs:
1750 3375 1947 3417 resoluas
1985 3373 2088 3416 MR

221 3453 382 3506 reliqui
501 3451 667 3496 Christi
695 3451 772 3503 R3,
808 3450 1027 3494 Christum
1059 3449 1176 3493 MR¹
1267 3450 1321 3492 26
1355 3449 1569 3491 ordiacios
1592 3448 1659 3497 M,
1691 3448 1956 3490 hordeaceos
1986 3447 2031 3490 R
