2248 3646
270 216 466 267 XXXII
729 224 750 294 χ
1046 214 1398 259 Praefatio.

267 374 415 425 nobis
458 374 544 425 det
584 376 800 441 copiam,
835 375 924 426 ubi
960 375 1104 426 deest
1135 376 1241 438 ille,
1275 377 1326 426 in
1362 376 1647 430 deficientis
1681 381 1927 432 succedat
1958 384 2147 448 locum,

266 476 366 511 una
415 478 531 512 cum
581 462 785 514 nouicio
835 463 965 514 libro
1006 463 1303 515 Florentino
1345 464 1414 526 N,
1458 465 1543 530 qui
1592 482 1649 517 ex
1688 468 2145 535 Montepessulano

267 549 531 600 deriuatus
575 553 670 601 est.
710 550 851 601 iuxta
882 551 1400 616 Montepessulanum
1442 555 1614 605 autem
1649 555 1864 622 eiusque
1899 562 2146 625 cognatos

263 652 362 687 non
426 638 630 689 omnino
695 638 1093 689 contemnendos
1158 654 1270 690 esse
1334 655 1487 707 supra
1549 641 1818 694 docuimus
1882 646 2145 713 archetypi

265 722 618 777 Cluniacensis
654 726 782 777 alios
816 728 996 789 testeS,
1023 727 1425 794 Hirsaugienses
1457 729 1618 780 libros
1643 730 1694 780 in
1721 731 1950 783 Rhenani
1981 734 2147 800 prima

264 812 572 878 superstites
616 816 667 864 et
711 813 916 864 illorum
967 815 1203 878 nepotem
1248 813 1603 866 Florentinum
1643 816 1708 869 F.
1756 833 1874 868 nam
1917 820 2016 871 etsi
2055 821 2144 872 ali-

262 903 450 966 quanto
515 901 850 966 suspectioris
906 903 1027 952 sunt
1079 901 1200 952 fidei
1256 904 1307 953 et
1366 903 1418 954 in
1482 904 1652 955 dubiis
1716 905 1893 957 cedere
1957 907 2144 960 debent

261 988 461 1039 meliori
501 989 641 1051 testi,
683 1005 780 1040 non
820 989 973 1040 modo
1023 1005 1226 1040 seruare
1272 990 1411 1041 haud
1458 991 1530 1042 ita
1576 1008 1687 1043 raro
1728 993 1972 1046 uidentur
2012 1012 2140 1062 quae

257 1075 308 1126 in
350 1077 509 1126 altera
548 1077 744 1127 familia
783 1092 992 1142 prorsus
1034 1077 1405 1130 interciderunt
1444 1080 1533 1130 sed
1568 1081 1722 1131 etiam
1754 1082 1956 1134 ueriora
1985 1085 2138 1135 intera

259 1164 377 1214 dum
418 1165 660 1230 praebere
702 1168 790 1215 aut
831 1165 1087 1229 quomodo
1120 1165 1433 1217 medendum
1467 1167 1536 1218 sit
1569 1169 1875 1234 corruptelis
1916 1169 2138 1224 indicare

258 1252 411 1303 uiam.
457 1254 507 1302 et
548 1252 712 1317 qualis
754 1252 835 1302 hic
878 1253 947 1303 sit
986 1269 1113 1304 usus
1152 1253 1270 1304 libri
1320 1255 1513 1306 nouicii
1552 1255 1835 1308 Florentini
1873 1257 1932 1308 F
1967 1258 2019 1309 in
2062 1260 2134 1311 eis

255 1340 588 1405 potissimum
630 1341 835 1407 scriptis
880 1341 1227 1407 cognoscitur,
1279 1358 1409 1407 quae
1457 1358 1513 1393 ex
1552 1343 1933 1396 Paterniacensi
1982 1362 2134 1412 quam

257 1444 311 1476 ex
358 1427 822 1494 Hirsaugiensibus
872 1428 1055 1477 maluit
1103 1428 1248 1479 edere
1296 1429 1591 1484 Rhenanus,
1639 1447 1755 1482 nam
1804 1433 1901 1483 etsi
1947 1434 1999 1483 in
2054 1434 2132 1486 his

255 1532 458 1581 quoque
497 1516 644 1566 libris
676 1517 1002 1567 recensendis
1035 1532 1133 1566 non
1169 1517 1373 1567 omnino
1408 1519 1607 1583 respuit
1637 1519 1796 1571 libros
1828 1520 1947 1572 illos
1981 1522 2131 1573 hodic

254 1604 566 1670 deperditos,
620 1620 861 1671 magnam
917 1607 1088 1655 tamen
1142 1605 1456 1656 uariantium
1502 1606 1553 1656 in
1598 1607 1703 1658 illis
1761 1608 2131 1675 scripturarum

250 1694 448 1756 partem
499 1692 740 1743 adnotare
791 1695 880 1742 aut
926 1693 1121 1744 incuria
1168 1694 1396 1759 neglexit
1444 1697 1532 1744 aut
1579 1697 1814 1747 consulto
1869 1697 2052 1760 noluit,
2104 1714 2127 1748 6

252 1779 438 1842 quibus
494 1796 592 1831 non
646 1780 719 1831 ita
771 1796 960 1846 paucas
1015 1781 1301 1831 Florentini
1348 1781 1468 1832 libri
1516 1783 1704 1834 auxilio
1755 1784 1815 1834 ab
1864 1785 2123 1836 obliuione

250 1866 537 1918 uindicatas
582 1868 895 1919 emendando
939 1868 1136 1919 auctori
1177 1868 1491 1920 adhibendas
1527 1871 1844 1924 censuimus.
1879 1903 1947 1909 -—
1983 1872 2126 1923 Oete-

247 1969 363 2004 111111
405 1956 632 2007 excussis
667 1955 746 2006 his
781 1955 1045 2007 codicibus
1080 1959 1130 2007 et
1163 1972 1317 2022 quam
1356 1957 1576 2008 maxima
1607 1958 1716 2009 fieri
1748 1959 1976 2025 potuerit
2007 1976 2127 2012 cura

246 2042 380 2093 inter
434 2059 488 2094 se
545 2045 855 2110 comparatis
910 2044 1038 2095 nihil
1087 2045 1227 2095 aliud
1275 2046 1672 2111 praestabimuS,
1734 2047 1835 2098 nisi
1889 2051 1947 2098 ut
2003 2049 2125 2114 quid

246 2132 295 2181 in
353 2130 681 2182 Cluniacensi
746 2132 1021 2199 archetypo
1085 2133 1240 2184 fuerit
1303 2133 1493 2185 certius
1558 2150 1916 2201 agnosca-mus.
1983 2137 2119 2202 quod

248 2220 483 2284 quamuis
528 2224 578 2271 et
617 2220 960 2271 necessarium
1004 2220 1072 2271 sit
1104 2224 1154 2272 et
1186 2221 1312 2272 utile
1348 2238 1674 2289 cognoscere,
1707 2226 1879 2275 tamen
1915 2228 1965 2275 et
1996 2226 2121 2276 haec

246 2307 510 2359 codicibus
551 2309 739 2359 nostris
782 2309 1038 2375 antiquior
1076 2310 1325 2360 memoria
1365 2313 1616 2376 quantum
1650 2311 1807 2362 distet
1839 2328 1866 2362 a
1899 2313 2121 2380 genuina

245 2395 468 2446 auctoris
510 2397 764 2463 scriptura
811 2399 862 2447 et
911 2413 967 2447 ex
1015 2396 1411 2449 difficultatibus
1458 2398 1901 2465 interpretationis
1941 2402 2115 2467 potest

245 2482 373 2533 disci
425 2486 619 2548 passim
676 2485 1026 2535 oborientibus
1084 2489 1134 2536 et
1187 2502 1244 2536 ex
1301 2503 1357 2537 ea
1413 2502 1564 2553 quam
1613 2487 1935 2538 instituimus
1979 2504 2116 2540 com-

241 2572 505 2637 paratione
560 2572 692 2623 inter
744 2573 1063 2641 Agobardini
1119 2580 1170 2625 et
1224 2575 1559 2626 Mesnartiani
1614 2575 1806 2626 codicis
1869 2576 2116 2642 antiquis-

242 2658 424 2709 simam
474 2662 524 2710 et
571 2660 701 2710 hanc
748 2661 1083 2713 recentiorem
1133 2663 1452 2714 memoriam.
1498 2663 1614 2713 inde
1662 2666 1833 2714 autem
1873 2664 2115 2715 instructi

242 2745 369 2798 duas
409 2747 740 2813 potissimum
782 2764 895 2800 esse
930 2765 1112 2800 causas
1147 2750 1573 2816 corruptelarum,
1606 2750 1882 2802 uerborum
1915 2751 2115 2803 scilicet

238 2835 461 2886 iacturas
503 2839 554 2887 et
593 2839 935 2888 correctorum
975 2837 1448 2903 interpretamenta,
1489 2838 1539 2888 in
1580 2838 1954 2890 constituendis
1995 2855 2111 2891 auc-

238 2923 364 2973 toris
426 2923 600 2975 uerbis
660 2924 746 2976 uel
806 2925 1025 2976 maxime
1089 2941 1294 2992 operam
1357 2925 1612 2988 dedimus,
1667 2929 1726 2978 ut
1779 2927 2109 2994 inuestigatis

236 3009 661 3077 interpolatorum
702 3012 1007 3063 commentis
1056 3014 1107 3063 et
1151 3012 1477 3065 librariorum
1527 3014 1896 3066 omissionibus
1935 3014 2106 3080 pristi-

235 3113 351 3148 nam
390 3098 782 3151 restitueremus
821 3100 1098 3151 uerborum
1136 3101 1336 3152 faciem.
1378 3118 1477 3168 qua
1516 3102 1565 3152 in
1605 3118 1659 3153 re
1700 3118 1817 3153 cum
1849 3102 2104 3154 neminem

234 3185 543 3237 temeritatis
590 3187 949 3239 incusaturum
990 3203 1078 3239 me
1128 3189 1398 3253 confidam,
1447 3191 1611 3241 multo
1662 3206 1782 3242 sane
1837 3189 2103 3240 difficilius

236 3273 644 3339 adstipulaturos
686 3275 792 3328 scio
836 3275 970 3328 uiros
1012 3276 1210 3341 doctOS‚
1250 3277 1339 3329 ubi
1377 3278 1748 3343 interpretandi
1788 3277 2102 3329 difficultati-

233 3359 329 3411 bus
378 3364 588 3413 coactus
634 3362 995 3413 inuertendum
1044 3362 1162 3413 duxi
1211 3363 1438 3414 ordinem
1487 3364 1779 3426 uerborum,
1829 3363 1964 3430 quod
2003 3378 2100 3414 non

231 3449 305 3499 ita
347 3464 459 3500 raro
508 3449 701 3500 factum
750 3465 863 3502 esse
911 3450 1150 3512 conced0‚
1199 3451 1418 3502 maxime
1464 3451 1514 3502 in
1561 3451 1691 3502 libro
1733 3451 1791 3502 cle
1820 3451 2097 3516 patientia.
