2248 3646
107 1196 143 1224 10

102 1622 140 1653 15

93 2047 134 2077 20

91 2475 130 2504 25

523 256 616 297 VII.
647 256 908 297 Aduersus
939 256 1250 298 Marcionem
1280 257 1352 298 lib.
1377 258 1421 298 II
1452 258 1629 299 18—19.
1885 261 1981 310 361

187 414 235 462 et
276 413 324 461 in
372 412 599 462 omnibus
646 427 801 476 paene
848 412 1151 481 argumentis
1197 412 1453 476 figuratae.
1530 412 1718 462 sufficit
1762 413 1888 463 0111111
1936 415 1983 462 111

183 497 445 561 praesenti,
485 496 527 546 si
560 496 855 560 simpliciter
884 496 1135 553 hominem
1168 496 1257 546 deo
1292 497 1560 562 obligabat,
1601 500 1657 546 ut
1694 513 1836 548 nemo
1877 514 1983 548 eam

182 582 441 645 reprobare
494 581 685 641 debeat,
738 581 834 630 nisi
882 581 961 630 cui
1000 597 1093 631 non
1132 582 1297 645 placet
1336 582 1425 633 deo
1467 582 1731 632 deseruire.
1792 583 1853 632 ad
1891 584 1984 633 hoc

180 665 490 727 beneficium,
522 681 616 715 non
642 680 784 725 onus,
815 665 941 731 legis
968 665 1305 714 adiuuandum
1339 667 1485 715 etiam
1513 666 1779 731 prophetas
1812 668 1981 717 eadem

179 750 373 801 bonitas
405 750 485 800 dei
516 750 776 810 ordinauit,
818 749 1050 800 docentes
1084 750 1172 800 deo
1207 750 1375 817 digna:
1407 751 1598 801 auferre
1636 752 1883 815 nequitias
1923 753 1981 802 de

180 835 356 896 anima,
388 835 577 885 discere
609 835 909 894 benefacere,
943 835 1195 898 exquirere
1234 835 1493 896 iudicium,
1531 837 1750 887 iudicare
1791 838 1980 902 pupillo

179 923 228 969 et
263 921 532 970 iustificare
569 919 790 981 uiduam,
831 920 1034 985 diligere
1076 922 1407 985 quaestioneS,
1440 922 1611 987 fugere
1641 922 1980 987 improborum

177 1007 475 1066 contactum,
517 1006 764 1055 dimittere
799 1005 1077 1055 conflictam
1108 1006 1369 1072 integram,
1404 1007 1644 1070 dissipare
1684 1007 1980 1071 scripturam

173 1091 430 1152 iniustam,
474 1091 738 1156 infringere
777 1107 951 1155 panem
993 1092 1228 1141 esurienti
1268 1095 1318 1141 et
1354 1096 1543 1142 tectum
1583 1110 1676 1143 non
1715 1093 1977 1143 habentem

173 1175 405 1225 inducere
459 1176 506 1225 in
564 1176 766 1226 domum
811 1178 966 1237 tuam,
1023 1177 1211 1226 nudum
1266 1180 1307 1227 si
1353 1178 1555 1238 uideris,
1611 1181 1877 1244 contegere
1931 1183 1981 1229 et

174 1260 473 1312 domesticos
519 1262 723 1312 seminis
760 1261 836 1310 tui
875 1278 968 1311 non
1010 1261 1277 1326 despicere,
1326 1278 1641 1327 compescere
1687 1264 1911 1329 linguam
1952 1281 1980 1315 a

171 1346 301 1396 malo
335 1350 384 1396 et
413 1347 559 1407 labia,
599 1347 956 1411 neloquantur
987 1346 1171 1408 dolum,
1213 1347 1456 1398 declinare
1497 1364 1523 1398 a
1561 1349 1690 1399 malo
1731 1353 1780 1399 et
1816 1350 1977 1400 facere

171 1431 371 1491 bonum,
406 1448 637 1496 quaerere
666 1446 837 1496 pacem
872 1435 921 1481 et
953 1433 1131 1482 sectari
1157 1449 1278 1494 eam,
1311 1434 1455 1483 irasci
1482 1437 1530 1484 et
1552 1450 1649 1484 1100
1674 1435 1977 1498 delinquere,

170 1516 220 1565 id
267 1520 345 1567 est
381 1518 430 1566 in
469 1517 541 1567 ira
578 1533 671 1567 non
713 1533 1029 1582 perseuerare
1070 1519 1176 1568 siue
1216 1520 1426 1578 saeuire,
1473 1535 1568 1569 1100
1606 1521 1741 1571 abire
1778 1520 1827 1570 10
1867 1535 1975 1570 0011-

172 1602 341 1651 cilium
371 1603 641 1667 impiorum
674 1619 762 1653 000
795 1608 925 1652 stare
963 1603 1011 1652 in
1050 1604 1134 1653 uia
1171 1607 1489 1668 peccatorum
1529 1621 1617 1655 nec
1654 1606 1704 1655 in
1743 1606 1978 1656 cathedra

168 1688 510 1750 pestilentium
537 1689 719 1738 sedere.
757 1689 844 1739 sed
869 1688 986 1738 ubi?
1025 1689 1175 1739 uide
1209 1706 1385 1754 quam
1418 1691 1641 1741 bonum
1677 1705 1737 1741 et
1768 1691 1974 1741 iocun-

171 1773 308 1823 dum
353 1774 647 1823 habitare
694 1774 930 1824 fratres
977 1774 1034 1823 in
1087 1791 1286 1835 1101110,
1335 1776 1727 1826 meditantes
1770 1777 1868 1826 die
1910 1793 1975 1827 ac

166 1863 351 1908 nocte
389 1859 446 1908 in
486 1860 629 1924 lege
670 1859 921 1920 domini,
963 1859 1079 1924 quia
1110 1860 1289 1910 bonum
1326 1861 1520 1911 scilicet
1549 1861 1698 1912 fidere
1736 1862 1784 1911 in
1825 1862 1972 1912 deum

166 1958 312 2006 quam
358 1944 507 1993 fidere
546 1945 592 1993 in
632 1944 883 1994 hominem
934 1947 983 1994 et
1026 1960 1221 2009 sperare
1252 1946 1299 1995 in
1333 1946 1479 1997 deum
1516 1963 1661 2011 quam
1692 1963 1892 2011 sperare
1923 1949 1970 1997 in

163 2027 429 2078 hominem.
489 2030 649 2093 qualis
697 2031 826 2080 enim
876 2030 1008 2094 apud
1055 2030 1202 2081 deum
1239 2047 1428 2082 merces
1469 2034 1689 2084 homini?
1752 2037 1811 2083 et
1849 2033 1972 2082 erit

164 2116 478 2178 tamquam
512 2116 774 2181 lignum,
815 2116 979 2179 quod
1008 2117 1375 2181 plantatum
1408 2122 1504 2169 est
1541 2119 1719 2169 iuxta
1759 2119 1970 2169 exitus

163 2214 478 2262 aquarum,
506 2201 668 2264 quod
699 2201 976 2251 fructum
1012 2217 1190 2251 suum
1221 2203 1400 2253 dabit
1431 2204 1491 2252 in
1525 2206 1807 2268 tempore
1840 2220 1968 2262 SUO,

164 2286 223 2333 et
267 2284 491 2334 folium
531 2286 669 2336 eius
707 2301 822 2336 non
863 2285 1122 2336 decidet
1160 2290 1219 2336 et
1258 2288 1477 2347 omnia,
1530 2304 1968 2353 quaecumque

161 2368 374 2429 faciet,
425 2370 979 2434 prosperabuntur
1030 2371 1150 2421 illi.
1221 2371 1456 2423 innocens
1505 2376 1671 2423 autem
1720 2376 1769 2423 et
1812 2389 1968 2438 purus

162 2454 321 2514 corde,
370 2455 454 2519 qui
499 2470 592 2505 non
632 2456 844 2521 accipiet
887 2458 935 2506 in
984 2473 1168 2506 uanum
1209 2473 1386 2508 001000
1434 2458 1512 2507 dei
1561 2461 1610 2508 et
1653 2474 1747 2509 non
1785 2459 1971 2508 iurabit

161 2538 222 2587 ad
265 2540 542 2604 proximum
597 2556 743 2590 suum
796 2542 844 2591 in
898 2542 1027 2601 dolo,
1080 2544 1177 2592 iste
1230 2544 1442 2608 accipiet
1493 2544 1889 2594 benedictionem
1943 2561 1970 2593 a

161 2624 358 2674 domino
420 2629 469 2674 et
520 2626 909 2677 misericordiam
966 2643 993 2677 a
1046 2628 1135 2678 deo
1193 2629 1547 2679 salutificatore
1609 2645 1716 2680 suo.
1793 2630 1966 2689 oculi

302 2778 428 2832 5—7]
464 2779 513 2820 cf.
547 2779 615 2820 Es.
650 2781 685 2832 1,
721 2781 883 2822 16-18
972 2783 1012 2835 6]
1048 2781 1099 2826 cf.
1131 2782 1261 2824 Deut.
1297 2782 1360 2834 10,
1389 2783 1451 2824 18.
1535 2782 1769 2837 7—11ch.
1799 2783 1869 2824 Es.
1899 2782 1966 2832 58,

159 2849 198 2890 6.
232 2851 268 2891 7.
360 2849 543 2904 11—13]
578 2851 627 2893 cf.
660 2852 728 2892 Ps.
761 2852 827 2902 33,
862 2853 926 2893 14.
953 2854 1017 2895 15.
1110 2853 1175 2908 13]
1208 2852 1259 2894 cf.
1292 2853 1361 2894 Ps.
1393 2855 1432 2902 4,
1465 2854 1503 2895 5.
1595 2855 1778 2908 13—15]
1812 2854 1863 2896 cf.
1895 2854 1964 2895 Ps.

161 2922 197 2973 1,
231 2922 266 2962 1.
400 2922 469 2976 16]
502 2922 571 2964 Ps.
608 2922 701 2972 132,
735 2923 769 2966 1.
890 2923 1073 2977 18—20]
1108 2924 1158 2966 cf.
1190 2924 1260 2967 ΡΒ.
1295 2925 1387 2972 117,
1421 2924 1459 2968 8.
1491 2926 1530 2966 9.
1647 2925 1720 2979 20]
1753 2925 1823 2966 Ps.
1859 2927 1894 2978 1,
1927 2927 1964 2967 3;

158 2992 230 3045 24]
265 2992 317 3032 cf.
349 2992 419 3032 Ps.
453 2993 520 3044 23,
550 2993 588 3034 4.
622 2994 659 3034 5.
749 2995 821 3048 27]
849 2994 917 3037 Ps.
951 2995 1020 3043 32,
1051 2993 1114 3035 18.

214 3078 240 3118 4
272 3077 400 3119 etiam
431 3077 559 3130 MRss,
599 3078 672 3120 sed
712 3080 841 3120 etiam
871 3078 934 3121 R2
1064 3080 1086 3121 7
1119 3080 1289 3122 uideam
1319 3081 1373 3122 M
1516 3081 1698 3135 dirigere
1729 3081 1966 3123 Harrisius

157 3148 181 3188 8
206 3149 416 3202 integram
434 3149 487 3198 R,
505 3149 547 3190 in
573 3150 785 3203 integram
801 3150 867 3203 M,
890 3151 932 3192 in
951 3152 1164 3205 integrum
1180 3151 1282 3205 Eny
1341 3152 1364 3194 9
1383 3155 1427 3193 et
1441 3152 1497 3205 R,
1516 3155 1564 3192 nt
1578 3152 1679 3194 MF
1736 3152 1785 3193 13
1810 3165 1963 3206 quaere

157 3219 214 3259 M
268 3220 317 3261 16
342 3221 530 3273 (quam)
558 3220 786 3262 iucundum
809 3222 924 3263 Pam
985 3223 1035 3264 18
1059 3222 1182 3264 deum
1205 3223 1314 3275 MR,
1346 3223 1562 3264 dominum
1584 3223 1696 3265 Pam
1754 3223 1806 3265 19
1837 3223 1964 3266 deum

156 3286 264 3339 MR,
297 3290 512 3332 dominum
542 3292 657 3332 Pam
785 3293 838 3334 24
868 3292 934 3334 illi
964 3306 1042 3335 om.
1076 3294 1133 3334 M
1253 3295 1306 3335 25
1339 3294 1520 3348 accipiet
1547 3293 1676 3342 MR¹‚
1708 3294 1872 3349 accepit
1902 3294 1964 3335 R³

158 3360 318 3402 iurabit
347 3362 521 3415 scripsi:
554 3363 712 3404 iurauit
742 3363 837 3407 MR
925 3365 975 3406 27
1007 3365 1297 3406 misericordia
1326 3365 1381 3405 M
1494 3364 1672 3406 salutari
1701 3378 1776 3406 suo
1807 3364 1854 3405 F
