2248 3646
866 248 1209 289 Praefatio.
1758 248 1952 300 XXVII

142 407 329 456 iectura
353 404 640 453 restituerat
670 403 753 452 ille
787 407 872 452 aut
902 407 1094 466 praeter
1125 402 1352 451 codicum
1387 417 1534 465 quam
1567 402 1775 465 putabat
1804 401 1951 451 fidem

144 491 331 554 spreuit
370 492 455 538 aut
490 489 696 538 insulsis
737 487 843 538 suis
880 487 1274 537 inuentiunculis
1313 487 1544 536 remouit.

214 587 349 649 Quae
389 591 554 637 autem
594 587 967 636 desiderabatur
1002 602 1131 636 noua
1168 586 1463 635 Tertulliani
1497 601 1701 649 operum
1730 584 1951 634 recensio

142 674 276 722 haud
313 674 384 722 ita
421 673 581 722 multo
627 675 743 736 post
784 672 1017 722 instituta
1065 675 1142 721 est
1188 687 1215 720 a
1266 671 1514 721 Nicolao
1568 670 1854 736 RigaltiO.
1909 669 1950 718 is

141 759 271 807 enim
324 774 471 822 quem
509 757 811 807 Mesnartius
865 757 946 807 liic
997 757 1100 806 illic
1152 759 1348 806 tantum
1394 757 1443 805 in
1490 771 1639 805 usum
1686 757 1955 804 uocauerat

142 844 362 892 codicem
400 842 775 907 Agobardinum
814 843 1004 907 primus
1044 842 1296 907 integrum
1337 842 1559 891 excussit
1603 844 1652 891 et
1695 841 1954 905 praeterea

140 929 426 978 recentioris
476 928 743 977 memoriae
784 928 1029 991 optimum
1075 930 1275 987 testem,
1329 928 1850 990 Montepessulanum‚
1905 924 1952 972 in

142 1013 211 1062 eis
256 1012 398 1062 libris
446 1027 569 1076 quos
614 1012 698 1061 ille
748 1013 968 1062 continet
1020 1028 1107 1076 pro
1146 1013 1469 1061 fundamento
1510 1011 1682 1076 posuit
1719 1009 1951 1060 editionis

141 1113 275 1158 suae,
313 1098 542 1147 Lutetiae
581 1112 704 1146 anno
747 1098 881 1147 1634
920 1097 1209 1162 impressae,
1256 1112 1379 1160 quae
1420 1096 1537 1160 quin
1577 1098 1693 1160 post
1729 1093 1952 1145 Rlienani

140 1185 189 1232 et
225 1183 484 1232 Mesnartii
538 1198 678 1232 cura-s
724 1183 997 1247 plurimum
1046 1183 1315 1232 contulerit
1353 1183 1412 1231 ad
1451 1197 1621 1232 ueram
1660 1180 1952 1231 Tertulliani

137 1267 407 1332 imaginem
445 1267 828 1332 recuperandam
867 1284 963 1318 non
1002 1270 1170 1331 potest
1216 1268 1444 1317 dubitari.
1490 1283 1602 1316 nam
1634 1266 1800 1315 milies
1832 1265 1949 1324 fere‚

138 1355 195 1401 ut
246 1352 367 1401 dicit
420 1352 593 1413 editor,
648 1368 704 1401 ex
757 1352 1013 1403 codicibus
1058 1353 1160 1402 illis
1203 1368 1292 1402 sua
1338 1352 1548 1416 arripuit
1592 1350 1950 1408 Tertullianum

138 1437 348 1486 maxime
393 1437 630 1487 uidelicet
674 1453 728 1486 ex
766 1438 1098 1503 Agobardino.
1153 1440 1372 1487 attamen
1411 1453 1505 1487 non
1545 1437 1615 1486 ita
1654 1452 1802 1486 usum
1842 1449 1952 1485 esse

137 1523 416 1586 Rigaltium
468 1524 612 1573 nouis
667 1524 770 1573 suis
825 1524 1079 1583 subsidiis,
1133 1527 1189 1573 ut
1243 1526 1292 1573 et
1345 1523 1517 1573 debuit
1571 1526 1620 1571 et
1664 1521 1844 1587 potuit,
1896 1534 1954 1569 ex

139 1609 395 1658 codicibus
452 1610 730 1659 accuratius
785 1611 1005 1660 excussis
1058 1611 1239 1659 melius
1291 1610 1438 1659 hodie
1494 1607 1710 1673 perspici
1768 1609 1951 1671 potest,

141 1709 286 1756 quam
321 1697 476 1744 antea.
517 1698 574 1743 ut
604 1694 732 1744 enim
764 1698 957 1744 taceam
989 1695 1047 1744 de
1078 1694 1414 1760 Agobardino‚
1447 1695 1495 1743 in
1528 1709 1624 1757 quo
1658 1691 1951 1742 excutiendo

138 1781 312 1842 utpote
343 1780 477 1829 lectu
511 1779 808 1829 difficillimo
850 1781 1018 1829 crebro
1059 1796 1173 1829 eum
1230 1780 1476 1830 errauisse
1531 1780 1744 1840 constat,
1799 1778 1949 1826 etiami

137 1865 184 1913 in
214 1864 283 1913 eis
308 1865 465 1926 libris,
499 1865 546 1913 in
573 1865 755 1929 quibus
781 1866 1210 1929 Montepessulani
1243 1866 1423 1915 auxilio
1454 1865 1707 1923 utebatur,
1734 1863 1948 1912 multum

146 1949 304 2010 abest,
351 1952 409 1998 ut
448 1951 669 2000 codicem
709 1967 854 2000 suum
896 1967 993 2014 qua
1032 1966 1155 2015 opus
1197 1954 1300 2000 erat·
1336 1951 1432 2000 fide
1472 1952 1711 2014 sequatur
1755 1948 1949 1998 ducem.

138 2035 230 2084 hoc
271 2050 326 2084 eo
366 2036 553 2084 factum
593 2040 684 2094 est,
739 2036 872 2100 quod
912 2039 961 2086 et
997 2037 1098 2097 1110,
1138 2038 1211 2086 uti
1251 2037 1457 2101 prioreS‚
1496 2036 1721 2085 Rhenani
1762 2035 1948 2084 coniec-

136 2122 275 2169 turas
330 2149 396 2155 ——
450 2120 689 2170 seductus
744 2121 939 2171 scilicet
988 2121 1190 2171 editoris
1243 2122 1292 2170 in
1339 2121 1470 2170 notis
1519 2121 1716 2170 silentio
1757 2150 1825 2156 -—
1862 2136 1948 2183 pro
1999 2166 2003 2171 .

137 2204 364 2254 codicum
415 2207 652 2254 memoria
703 2207 911 2270 accepit,
963 2206 1012 2255 in
1067 2208 1277 2256 eundem
1334 2222 1546 2257 errorem
1599 2206 1836 2255 inductus
1891 2205 1949 2254 de

135 2289 388 2351 RhenanO,
434 2291 482 2339 in
523 2306 670 2354 quem
711 2291 769 2340 de
808 2291 1022 2341 Fuluio
1064 2292 1345 2356 Ursin0‚1)
1393 2292 1535 2341 cuius
1578 2291 1948 2340 emendationes

135 2375 347 2439 margini
407 2375 637 2425 editionis
690 2376 1005 2426 Pamelianae
1058 2376 1335 2440 adscriptas
1396 2379 1445 2426 et
1501 2377 1615 2426 inde
1667 2377 1715 2425 in
1766 2375 1948 2425 librum

136 2459 497 2523 archiepiscopi
550 2460 855 2510 Tolosatium
915 2461 1021 2510 Car.
1076 2462 1349 2511 Monchalli
1399 2462 1753 2525 transscriptas
1808 2462 1950 2511 uelut

138 2545 366 2607 antiquae
404 2545 670 2594 memoriae
710 2561 839 2595 noua
878 2546 1104 2595 subsidia
1141 2546 1372 2596 adhibuit
1410 2548 1640 2597 sanandis
1681 2549 1947 2598 uerborum

138 2630 447 2693 corruptelis.
503 2630 589 2679 sed
647 2631 738 2680 hac
792 2631 992 2694 quidem
1046 2631 1095 2680 in
1144 2647 1211 2692 re,
1267 2648 1414 2695 quani
1467 2633 1657 2697 primus
1713 2634 1951 2699 cognouit

137 2714 431 2764 Franciscus
458 2713 717 2776 0011101113,
752 2716 1063 2766 excusandus
1089 2717 1249 2781 magis
1283 2733 1429 2780 quam
1461 2719 1793 2783 inculpandus
1825 2719 1950 2768 milii

136 2797 337 2847 uidetur
358 2799 627 2863 ingentius,
661 2800 776 2863 quia
800 2815 946 2849 curae
977 2800 1251 2850 Fuluianae
1275 2802 1588 2852 Francofurti
1621 2804 1681 2852 ad
1712 2804 1946 2853 Moenum

138 2898 260 2932 anno
304 2885 434 2934 1612
475 2885 534 2933 ab
573 2885 753 2934 Ioanne
800 2901 826 2934 a
867 2886 1098 2935 Wouwer
1137 2902 1190 2935 ex
1230 2889 1569 2952 manuscripto
1616 2890 1948 2939 bibliothecae

214 3149 243 3199 1)
278 3150 329 3191 cf.
377 3164 482 3204 quae
529 3150 635 3192 dicit
678 3152 721 3191 in
766 3151 1052 3205 praefatione:
1100 3152 1288 3205 Sequens
1328 3157 1449 3194 aetas
1484 3154 1700 3194 Fuluium
1744 3153 1948 3198 Ursinum

141 3222 254 3273 tulit,
284 3221 358 3273 qui
387 3226 494 3263 certe
524 3222 688 3263 codices
716 3223 966 3274 inspeoeerat
997 3224 1118 3276 lonye
1148 3224 1340 3265 meliores
1369 3223 1693 3273 Rhenamhnis,
1726 3230 1947 3266 contentus

140 3296 358 3344 eaecerptas
386 3292 489 3332 inde
520 3293 717 3334 lectiones
747 3294 950 3334 editionis
979 3294 1573 3348 Pamehaoaae·mammons
1605 3296 1851 3345 adnotasse,
1875 3295 1949 3336 secl

139 3375 193 3403 ne
213 3364 532 3415 possessoribus
562 3364 729 3416 quidem
761 3365 1067 3416 exemplarium
1097 3366 1348 3406 nominatis.
