2248 3646
175 235 276 285 120
545 229 733 281 Quinti
770 228 1001 283 Septimi
1032 227 1317 270 Florentis
1352 227 1691 270 Tertulliani

173 390 358 441 statuit
384 389 571 441 salutis
600 392 648 440 et
675 392 902 454 poenae?
932 387 1128 439 omnis
1154 387 1315 455 igitur
1340 403 1474 439 caro
1501 389 1760 440 foenum.
1790 407 1917 455 quae
1941 391 2048 459 igni

171 479 476 539 destinatur,
510 479 562 528 et
596 477 789 528 omnis
825 491 961 527 caro
1003 475 1248 526 uidebit
1280 476 1552 527 salutare
1586 477 1697 539 dei,
1732 493 1860 542 quae
1893 479 2049 529 saluti

173 566 451 617 ordinatur.
494 581 589 632 ego
629 581 710 615 me
751 564 857 615 scio
899 579 1065 629 neque
1107 563 1205 614 alia
1247 578 1394 614 carne
1435 564 1687 615 adulteria
1727 566 2048 617 commisisse

170 669 334 719 neque
373 668 507 704 nunc
548 652 648 703 alia
689 667 836 703 carne
878 651 939 702 ad
982 651 1351 701 continentiam
1393 651 1532 703 eniti.
1575 652 1617 702 si
1660 652 1773 717 quis
1815 655 1895 704 est
1932 653 2049 704 bina.

169 742 410 809 pudenda
460 741 845 800 circumferens
901 742 1077 805 potest
1120 740 1222 790 iam
1272 742 1323 791 et
1370 739 1572 791 demere
1618 741 1826 792 foenum
1885 742 2047 793 carnis
2100 761 2120 792 5

169 830 449 881 inmundae
491 831 542 880 et
574 829 736 880 solam
778 829 879 880 sibi
911 843 1174 879 reseruare
1217 843 1346 893 quae
1386 828 1563 879 uisura
1596 828 1667 879 sit
1698 829 1779 880 dei
1811 829 2034 881 salutare

172 918 263 969 sed
303 934 420 969 cum
460 917 594 968 idem
639 917 916 983 prophetes
959 916 1114 967 etiam
1154 915 1387 967 nationes
1437 916 1674 967 ostendat
1720 933 1855 968 nunc
1897 917 2049 983 depu-

170 1009 306 1057 tatas
339 1006 488 1057 uelut
519 1007 790 1072 puluerem
824 1006 874 1055 et
907 1004 1129 1055 saliuam
1168 1019 1303 1054 nunc
1339 1007 1634 1071 speraturas
1677 1008 1728 1055 et
1769 1004 2051 1056 credituras

171 1095 221 1145 in
262 1110 446 1144 nornen
491 1097 543 1145 et
588 1093 637 1144 in
686 1092 955 1143 brachium
1005 1092 1216 1154 dominia
1258 1091 1513 1158 numquid
1555 1095 1605 1142 et
1652 1092 1712 1143 de
1758 1093 2049 1144 nationibus

171 1181 435 1233 fallimur‘-.>
486 1183 537 1232 et
584 1181 713 1231 aliae
756 1180 963 1246 quidem
1014 1182 1133 1230 sunt
1181 1180 1467 1231 crediturae
1516 1180 1644 1231 aliae
1691 1180 1741 1231 in
1781 1181 2048 1246 puluerem
2081 1202 2122 1233 10

174 1270 449 1335 deputatae
497 1285 553 1320 ex
609 1268 913 1319 diuersitate
970 1267 1329 1319 substantiae?
1385 1267 1474 1319 sed
1524 1270 1574 1319 et
1628 1266 1866 1320 Christus
1919 1269 2051 1319 int-ra

173 1373 423 1408 oceanum
466 1359 517 1407 et
557 1356 617 1407 de
656 1356 758 1407 isto
803 1355 963 1418 caelo,
1015 1355 1151 1422 quod
1190 1355 1338 1407 nobis
1378 1356 1605 1417 incubat,
1654 1372 1836 1407 uerum
1875 1357 2048 1407 lumen

172 1445 466 1496 nationibus
517 1444 731 1507 offulsit,
786 1474 844 1480 ——
891 1445 943 1494 et
988 1443 1089 1509 ipsi
1128 1443 1479 1494 Valentiniani
1526 1443 1609 1494 hic
1651 1460 1815 1494 errare
1864 1443 2049 1495 didice-

170 1536 289 1583 runt
328 1564 396 1569 —-
443 1549 537 1584 nec
586 1533 686 1583 alia
733 1532 832 1582 erit
885 1531 1049 1582 forma
1096 1531 1364 1582 nationum
1412 1531 1730 1582 credentium
1775 1532 1875 1584 nisi
1922 1549 2050 1598 quae

173 1624 223 1672 et
277 1637 375 1672 non
433 1620 751 1672 credentium
809 1619 869 1670 de
920 1635 1085 1681 carne,⁴
1142 1618 1203 1670 de
1252 1619 1433 1670 anima.
1489 1619 1626 1670 sicut
1673 1635 1792 1686 ergo
1843 1620 2046 1671 easdem
2083 1641 2123 1672 15

171 1709 403 1761 nationes
445 1724 543 1759 non
599 1724 782 1775 genere
843 1707 934 1758 sed
984 1709 1119 1759 sorte
1162 1707 1412 1768 distinxit,
1463 1708 1534 1758 ita
1582 1710 1631 1759 et
1679 1723 1871 1770 carneS‚
1921 1725 2049 1774 quae

169 1798 220 1848 in
260 1797 389 1862 ipsis
430 1797 727 1847 nationibus
767 1811 870 1846 una
911 1795 1207 1846 substantia
1246 1798 1340 1858 est7
1382 1812 1478 1847 non
1526 1797 1740 1846 materia
1791 1796 1881 1847 sed
1921 1812 2050 1847 mer-

172 1884 294 1936 cede
336 1884 598 1935 disiunxit.

245 1974 329 2025 60.
371 1973 503 2024 Ecce
545 1975 734 2033 autem,
783 1974 843 2022 ut
883 1971 1051 2022 adhuc
1099 1971 1503 2023 controuersiam
1546 1975 1857 2039 exaggerent
1897 1974 2049 2034 carni,

171 2061 388 2111 maxime
432 2061 615 2123 eidem,
659 2061 718 2111 de
761 2060 945 2111 officiis
988 2075 1192 2126 quoque
1227 2061 1574 2111 membrorum
1609 2064 2048 2129 argumentantur,
2080 2081 2121 2111 20

171 2152 261 2199 aut
309 2152 357 2199 et
404 2149 518 2215 ipsa
566 2149 795 2199 dicentes
844 2164 1141 2214 permanere
1192 2148 1373 2199 debere
1430 2148 1481 2198 in
1539 2148 1647 2199 suis
1703 2148 1943 2213 operibus
2000 2152 2049 2199 et

169 2236 444 2299 fructibus,
493 2239 552 2287 ut
599 2236 763 2291 eidem
814 2236 1162 2302 corpulentiae
1211 2235 1487 2302 adscripta,
1537 2238 1642 2298 aut,
1683 2237 1802 2302 quia
1849 2238 2051 2288 constet

172 2324 464 2376 discessura
520 2340 631 2376 esse
689 2324 858 2376 officia
911 2324 1280 2385 membrorum,
1336 2323 1710 2388 corpulentiam
1764 2340 1967 2390 quoque
2013 2325 2046 2389 †

171 2412 396 2475 eradant,
447 2412 596 2463 euius
639 2412 840 2463 scilicet
886 2412 1273 2477 perseuerantia
1321 2410 1574 2462 credenda
1612 2427 1711 2462 non
1759 2412 1828 2463 sit
1867 2412 2046 2478 utique

172 2501 281 2551 sine
327 2500 589 2560 membris,
641 2501 760 2566 quia
806 2515 900 2551 nec
946 2500 1177 2551 membra
1225 2498 1476 2550 credenda
1523 2499 1629 2550 sint
1681 2499 1788 2550 sine
1844 2500 2045 2551 officiis.
2077 2518 2120 2550 25

172 2604 271 2653 quo
315 2588 448 2639 enim
488 2589 608 2650 iam,
650 2588 907 2654 inquiunt,
951 2589 1199 2654 spelunca
1238 2587 1364 2639 haec
1398 2587 1498 2638 oris
1534 2590 1585 2638 et
1616 2587 1849 2638 dentium
1890 2588 2044 2639 statio

171 2681 222 2728 et
282 2677 434 2743 gulae
488 2677 666 2744 lapsus
710 2679 759 2727 et
801 2679 1098 2743 competum
1154 2675 1412 2728 stomachi
1467 2678 1517 2726 et
1571 2676 1708 2726 aluei
1755 2692 1943 2744 gurges
1995 2679 2046 2728 et

320 2836 363 2890 7]
400 2834 453 2877 cf.
486 2834 560 2876 Es.
586 2835 656 2888 29,
679 2836 725 2885 5;
759 2834 830 2887 4Ο,
857 2835 924 2878 15.
954 2834 1020 2875 17.
1112 2835 1156 2889 8]
1184 2833 1236 2876 cf.
1261 2833 1336 2875 Es.
1361 2834 1433 2888 42,
1457 2834 1497 2877 4.
1593 2835 1663 2890 12]
1693 2835 1745 2878 cf.
1770 2835 1792 2878 I
1815 2835 1911 2877 Ioh.
1937 2835 1977 2887 2,
2002 2835 2043 2877 8.

232 2937 256 2977 6
290 2935 359 2977 dei
397 2935 444 2984 (J,
478 2935 641 2977 domini
675 2935 824 2978 PMF
910 2935 933 2976 7
969 2934 1205 2990 deputatas
1238 2934 1339 2989 FR,
1373 2935 1558 2990 deputas
1590 2936 1694 2978 PM
1780 2937 1833 2979 12
1864 2937 2045 2980 incubat

172 3008 252 3059 13³,
290 3009 519 3051 incumbat
556 3007 722 3063 PFR1,
762 3008 979 3050 incumbit
1016 3008 1075 3050 M
1109 3009 1140 3063 (i
1180 3022 1232 3050 ex
1271 3011 1311 3062 a)
1405 3010 1457 3051 13
1494 3009 1782 3062 parenthesin
1813 3010 2044 3052 indicaui:

172 3082 354 3124 offulsit.
381 3086 424 3124 et
447 3082 583 3138 uulyo
674 3081 840 3124 effulsit
867 3081 950 3124 Gez
1042 3082 1092 3124 17
1118 3082 1452 3123 una-materia
1477 3095 1559 3126 om.
1578 3082 1627 3124 F
1706 3083 1757 3126 18
1783 3082 2047 3125 distinxitF

175 3157 228 3198 19
260 3158 528 3211 exaggerent
559 3157 598 3208 (e
631 3169 684 3198 esc
717 3157 757 3209 a)
788 3154 956 3197 MGez:
988 3157 1257 3210 exaggerant
1290 3155 1341 3209 P,
1376 3157 1660 3210 exaggeraret
1681 3155 1730 3198 F
1813 3157 1869 3199 20
1901 3153 2042 3199 eidem

171 3228 369 3280 PMFO,
408 3227 537 3271 fidem
570 3229 614 3271 B
704 3228 758 3270 22
791 3227 908 3270 idem
944 3227 992 3270 F
1106 3230 1156 3269 ut
1185 3227 1235 3270 F
1319 3228 1375 3270 24
1409 3228 1593 3270 eradant
1622 3228 1732 3282 PM,
1773 3228 1954 3272 credant
1982 3228 2039 3283 F,

172 3301 403 3346 euanidam
433 3301 761 3356 <credendam>
780 3303 895 3357 fort.
930 3301 1203 3343 eradicantes
1234 3301 1339 3357 Eny
1464 3301 1616 3356 utique
1637 3303 1753 3357 fort.
1785 3301 2038 3345 delendum.-

172 3379 223 3418 ut
253 3389 366 3431 quae
396 3376 607 3418 Oehlerus
696 3377 748 3418 27
784 3377 1033 3429 competum
1064 3374 1177 3418 PM.
1212 3374 1451 3429 compitum
1480 3374 1575 3428 Gel,
1609 3388 1810 3429 compum
1834 3373 1890 3426 F,
1925 3388 2040 3417 corn-

169 3449 338 3505 pletum
370 3450 485 3505 Bmy
604 3450 718 3492 aluei
750 3448 971 3503 PMFR¹‚
1004 3448 1089 3490 alui
1124 3448 1188 3491 R³
1218 3449 1354 3503 uzolyo
