2248 3646
92 1223 128 1251 10

88 2074 128 2105 20

88 2499 128 2530 25

546 279 602 322 ΙΙ.
640 279 712 320 De
745 279 926 321 Carnis
957 279 1368 319 Resurrectione
1400 278 1579 320 59—60.
1869 282 1963 330 121

164 437 509 488 intestinorum
550 433 782 497 perplexa
821 431 1110 496 proceritas,
1155 447 1267 480 cum
1303 432 1410 481 esui
1443 435 1492 480 et
1522 434 1661 496 potui
1695 434 1835 484 locus
1873 451 1966 485 non

163 522 288 574 erit‘?
334 535 430 585 quo
476 518 763 568 huiusmodi
811 518 1032 566 membra
1078 516 1350 565 admit-tunt
1403 517 1646 582 subigunt
1694 520 1970 569 deuoluunt

163 607 393 658 diuidunt
449 605 682 669 digerunt
742 604 983 667 egerunt?
1045 618 1140 665 quo
1202 617 1377 651 manus
1437 602 1576 666 ipsae
1630 606 1679 653 et
1722 605 1872 668 pedes
1920 609 1970 655 et

164 692 368 757 operarii
415 690 597 755 quique
645 692 798 748 artuS,
846 703 955 737 cum
1006 687 1173 736 uictus
1223 687 1372 736 etiam
1420 703 1537 737 cura
1577 690 1823 739 cessabit?
1871 706 1966 754 quo

162 793 317 838 renes,
357 775 544 826 conscii
584 774 847 833 seminum,
889 777 937 823 et-
973 774 1165 836 reliqua
1203 773 1496 838 genitalium
1533 775 1791 838 utriusque
1823 791 1967 825 sexus

163 867 211 915 et
247 864 578 926 conceptuum
611 860 809 910 stabula
841 861 890 908 et
920 858 1130 907 uberum
1163 857 1343 919 fonteS,
1384 858 1667 908 discessuro
1700 861 1967 910 concubitu

161 951 209 998 et
237 948 341 998 fetu
374 949 423 996 et
453 944 703 995 educatu?
734 946 989 1008 postremo
1024 958 1120 1007 quo
1153 946 1316 992 totum
1351 958 1545 1007 corpus,
1578 945 1740 993 totum
1776 945 1969 994 scilicet

164 1035 485 1083 uacaturum‘?
519 1030 580 1080 ad
609 1031 731 1079 llaec
764 1045 879 1094 ergo
912 1028 1305 1092 praestruximus
1336 1044 1430 1078 non
1466 1031 1690 1091 oportere
1722 1030 1968 1080 committi

160 1120 437 1168 futurorum
484 1118 631 1179 atque
677 1113 1017 1179 praesentium
1066 1113 1440 1177 dispositiones,
1479 1113 1813 1164 intercessura
1850 1118 1968 1165 tunc

159 1203 508 1264 demutatione,
555 1204 603 1250 et
647 1215 777 1249 nunc
824 1198 1218 1263 superstruimus
1266 1198 1430 1247 officia
1481 1198 1579 1248 ista
1631 1200 1966 1249 membrorum

158 1287 542 1338 necessitatibus
582 1286 716 1334 uitae
754 1285 903 1334 huius
945 1299 1000 1334 eo
1040 1299 1201 1348 usque
1242 1283 1529 1340 consistere,
1578 1284 1730 1333 donec
1773 1288 1820 1334 et
1858 1286 1968 1348 ipsa

157 1374 262 1422 uita
290 1372 620 1421 transferatur
651 1386 677 1419 a
708 1369 1077 1434 temporalitate
1110 1369 1157 1418 in
1191 1369 1552 1428 aeternitatem,
1594 1370 1727 1418 sicut
1756 1370 1968 1420 animale

158 1473 336 1522 corpus
374 1457 420 1506 in
462 1457 703 1521 spiritale,
746 1455 862 1504 dum
902 1454 1113 1504 mortale
1151 1454 1290 1503 istud
1335 1454 1510 1504 induet
1554 1454 1965 1504 inmortalitatem

159 1548 208 1591 et
254 1543 595 1607 corruptiuum
640 1540 780 1591 istud
824 1540 1240 1604 incorruptelam
1297 1541 1346 1588 et
1389 1540 1500 1604 ipsa
1547 1543 1713 1589 autem
1759 1540 1969 1590 liberata

111 1648 125 1672 a
158 1631 274 1677 tunc
312 1628 417 1677 uita
456 1644 483 1677 a
520 1627 910 1677 necessitatibus
949 1626 1293 1676 liberabuntur
1331 1628 1380 1674 et
1411 1626 1633 1675 membra
1671 1625 1729 1675 ab
1771 1626 1966 1687 ofliciiS,

158 1729 245 1763 nec
274 1713 384 1762 ideo
418 1728 512 1762 non
547 1715 690 1762 erunt-
713 1712 1004 1761 necessaria.
1035 1711 1155 1760 licet
1188 1711 1315 1759 enim
1351 1710 1528 1761 officiis
1562 1711 1849 1772 liberentur,
1883 1712 1969 1761 scd

156 1798 354 1849 iudiciis
392 1799 682 1858 retinentur,
721 1800 787 1846 ut
825 1794 1078 1861 quisque
1125 1796 1348 1846 referat
1391 1811 1493 1861 per
1539 1811 1752 1861 corpus
1791 1801 1968 1861 prout

159 1883 366 1949 gessit.
418 1883 614 1933 saluum
671 1883 800 1932 enim
855 1882 1110 1934 hominem
1161 1881 1381 1930 tribunal
1435 1881 1513 1931 dei
1554 1881 1729 1947 exigit;
1771 1884 1966 1933 saluum

157 1984 273 2019 uero
322 1968 427 2018 sine
472 1968 709 2018 membris
764 1983 859 2018 non
912 1967 1032 2016 licet
1088 1982 1212 2029 esse,
1269 1982 1325 2016 ex
1377 1981 1588 2030 quorum
1639 1982 1733 2016 non
1788 1967 1966 2018 officiis

158 2055 244 2104 sed
284 2053 582 2106 substantiis
624 2055 836 2113 constat,
876 2053 972 2102 nisi
1012 2053 1137 2102 forte
1178 2054 1226 2101 et
1269 2067 1443 2101 nauem
1494 2052 1598 2101 sine
1638 2053 1815 2113 carina,
1863 2054 1967 2103 sine

156 2155 313 2203 prora,
354 2140 457 2189 sine
495 2139 667 2204 puppi,
708 2139 812 2188 sine
853 2138 1161 2203 compaginis
1199 2138 1356 2188 totius
1395 2137 1737 2187 incolomitate
1775 2139 1965 2189 saluam

158 2224 494 2275 adseuerabis.
542 2227 591 2274 et
634 2227 800 2274 tamen
854 2240 1032 2273 nauem
1087 2223 1305 2287 procella
1357 2222 1650 2286 dissipatam
1704 2225 1786 2273 uel
1839 2224 1967 2274 carie

158 2311 451 2360 dissolutam
513 2310 728 2360 redactis
783 2313 832 2359 et
882 2309 1125 2359 recuratis
1187 2308 1418 2358 omnibus
1470 2309 1708 2358 membris
1763 2308 1967 2359 eandem

157 2411 301 2460 saepe
347 2396 713 2461 conspeximus,
755 2396 904 2444 etiam
952 2394 1099 2444 titulo
1145 2393 1482 2443 restitutionis
1536 2394 1854 2459 gloriantem:
1909 2395 1967 2444 de

159 2480 235 2530 dei
282 2481 488 2531 artificio
536 2485 585 2530 et
637 2481 839 2531 arbitrio
895 2483 944 2530 et
995 2480 1101 2530 iure
1154 2482 1479 2543 torquemur?
1534 2495 1676 2543 porro
1732 2479 1773 2529 si
1827 2479 1965 2529 diues

156 2565 384 2616 dominus
424 2571 473 2615 et
509 2567 729 2616 liberalis
769 2565 989 2615 adfectui
1028 2568 1113 2614 aut
1151 2565 1336 2630 gloriae
1369 2579 1486 2614 suae
1517 2567 1775 2628 praestans
1808 2565 1963 2614 solam

156 2650 298 2700 nauis
336 2651 708 2700 restitutionem
748 2651 989 2700 hactenus
1030 2665 1135 2699 eam
1176 2649 1397 2699 uoluerit
1434 2650 1639 2714 operari,
1686 2649 1870 2699 idcirco
1909 2652 1965 2698 tu

156 2736 360 2801 negabis
397 2736 732 2786 necessariam
763 2736 839 2785 illi
873 2735 1216 2801 compaginem
1250 2735 1525 2800 pristinam,
1563 2737 1619 2785 ut
1658 2735 1829 2785 exinde
1866 2734 1965 2784 iam

156 2822 461 2882 uacaturam,
511 2836 623 2870 cum
670 2822 765 2872 soli
811 2821 963 2870 saluti
1009 2821 1150 2870 nauis
1197 2821 1302 2870 sine
1343 2821 1627 2884 operatione
1667 2820 1964 2870 conueniat?

298 2947 366 3000 13]
398 2946 448 2988 cf.
480 2947 501 2988 Ι
533 2946 627 2989 cor.
660 2947 724 2996 15,
757 2948 822 2989 53.
913 2947 982 3000 17]
1014 2946 1056 2988 11
1090 2928 1184 2989 cor.
1218 2947 1256 2999 5,
1292 2947 1355 2988 10.

213 3031 233 3070 1
266 3031 435 3085 perlexa
456 3031 503 3072 F
570 3033 608 3072 ,5
642 3044 848 3072 consensu
878 3031 1088 3072 seminum
1111 3030 1157 3070 F
1242 3031 1265 3071 6
1298 3033 1509 3085 conceptu
1540 3044 1625 3071 non
1645 3030 1692 3071 F
1802 3029 1961 3071 disces-

156 3113 251 3141 suro
282 3101 377 3152 PF,
408 3100 654 3143 descessuro
684 3101 751 3153 M,
783 3101 1007 3142 decessuro
1044 3100 1123 3143 Gel
1225 3101 1276 3142 13
1308 3100 1459 3142 induet
1487 3101 1623 3141 Pam:
1653 3099 1794 3143 induit
1822 3100 1966 3141 -PMF

159 3172 209 3212 15
236 3185 292 3220 La.J
318 3172 649 3214 necessitatibus
686 3172 742 3224 B,
771 3171 1101 3213 necessitatibus
1137 3172 1281 3213 PMF
1369 3173 1419 3213 17
1457 3172 1694 3212 retinentur
1723 3175 1783 3221 (re
1814 3184 1865 3212 ex
1895 3171 1962 3223 de)

155 3242 212 3283 M
321 3243 499 3297 quisque
527 3242 751 3285 Oehlerus:
783 3243 875 3297 quis
905 3242 1048 3284 PMF
1146 3244 1198 3285 19
1228 3257 1314 3284 non
1342 3242 1447 3284 licet
1476 3255 1567 3283 esse
1598 3240 1727 3295 R1m9
1748 3241 1848 3283 Ger.-
1877 3255 1961 3283 non

155 3314 259 3355 licet
294 3314 403 3354 enirn
440 3313 592 3366 PMF,
630 3327 729 3355 non.
767 3314 865 3355 licet
908 3327 1003 3354 eum
1040 3314 1151 3368 Bmy
1235 3315 1290 3355 22
1330 3319 1372 3355 et
1412 3315 1594 3355 carinam
1636 3312 1886 3354 dissolutam
1928 3312 1964 3355 G

157 3385 208 3426 27
238 3388 287 3425 tu
320 3384 420 3427 Gel:
448 3388 552 3426 tunc
581 3385 730 3438 PMF,
763 3387 864 3426 tune
896 3385 998 3440 Ewy
