2248 3646
225 247 329 297 516
600 244 787 296 Quinti
821 244 1050 299 Septimi
1081 243 1356 286 Florentis
1389 243 1720 286 Tertulliani

220 404 502 471 ingerebat,
545 406 604 456 ut
650 419 881 465 saeuum,
926 419 1045 471 erga
1091 419 1244 469 quem
1292 403 1645 469 delinquentes
1694 408 1823 455 ‘uae'
1862 405 2088 458 habituri

222 494 430 543 essent.'
455 494 506 542 et
539 492 652 557 quis
688 507 903 542 saeuum
934 507 1031 542 non
1063 492 1237 556 potius
1270 491 1477 543 timeret
1505 507 1782 557 prouocare
1809 493 2086 545 deficiendo

223 579 283 630 ab
311 583 403 631 eo?
436 582 579 630 tanto
613 579 779 645 magis
815 594 933 646 ergo
969 579 1333 630 demerendum
1368 579 1583 631 docebat
1615 595 1764 645 quem
1799 581 2084 632 timendum

219 667 499 733 ingerebat.
543 667 617 719 sic
659 666 930 732 oportebat
970 666 1233 718 Christum
1275 667 1535 718 creatoris,

296 756 380 806 28.
428 755 612 806 Merito
661 755 836 820 itaque
876 770 974 805 non
1022 755 1193 820 placet
1230 754 1307 805 illi
1345 754 1635 821 hypocrisis
1674 755 2083 820 Pharisaeorum,
2135 775 2156 807 5

218 843 370 894 labiis
411 843 611 894 scilicet
650 842 933 893 amantium
975 842 1142 907 deum,
1177 858 1275 894 non
1311 842 1476 894 corde.
1521 846 1746 907 cauete,
1785 844 1953 910 inquit
1986 845 2083 897 dis-

220 931 423 997 cipulis,
459 946 485 981 a
518 931 815 982 fermento
856 929 1349 993 Pharisaeorum,
1386 931 1541 996 quod
1582 934 1674 982 est
1712 931 2082 998 hypocrisiS,

216 1033 315 1068 non
355 1018 667 1084 praedicatio
717 1018 973 1070 creatoris.
1030 1017 1138 1069 odit
1192 1020 1520 1070 contumaces
1566 1019 1726 1084 patris
1773 1019 1928 1081 filius,
1984 1037 2082 1072 non

217 1107 335 1157 uult
368 1122 489 1158 suos
522 1108 651 1157 tales
686 1106 901 1158 existere
933 1106 985 1156 in
1017 1105 1184 1169 illum,
1227 1137 1295 1142 —
1328 1123 1426 1157 non
1459 1107 1509 1156 in
1542 1107 1700 1156 aliurn
1740 1137 1809 1142 —
1847 1108 1898 1158 in
1932 1124 2082 1174 quem

215 1194 504 1260 hypocrisis
545 1194 645 1245 fuit
685 1196 735 1244 et
774 1193 1015 1254 admissa,
1059 1194 1205 1244 cuius
1247 1193 1536 1260 exemplum
1576 1210 1604 1245 a
1635 1194 1905 1262 discipulis
1938 1211 2082 1247 caue·
2115 1213 2156 1245 ιο

215 1265 374 1333 Γθῖηῑ.
404 1282 477 1333 ita
500 1281 893 1332 Pharisaeorum
927 1281 1096 1347 <cum>
1127 1282 1367 1347 prohibet
1399 1283 1704 1346 exemplum,
1736 1283 1788 1333 in
1822 1299 1937 1334 eum
1970 1300 2081 1350 pro-

215 1370 425 1421 hibebat
471 1369 604 1420 illud
651 1369 874 1431 admitti,
915 1369 965 1419 in
1017 1385 1168 1435 quem
1218 1369 1557 1420 admittebant
1596 1370 1872 1421 Pharisaei.
1922 1370 2081 1437 igitur

217 1459 457 1523 quoniam
503 1458 797 1524 hypocrisin
849 1473 1025 1508 eorum
1071 1459 1282 1519 taxarat,
1339 1458 1518 1523 utique
1573 1458 1822 1508 celantem
1878 1460 2080 1510 occulta

215 1546 381 1597 cordis
437 1548 488 1597 et
532 1546 912 1597 incredulitatis
963 1547 1159 1596 secreta
1206 1545 1616 1611 superficialibus
1662 1545 1845 1597 officiis
1903 1547 2078 1598 obum-

209 1634 459 1696 brantem,
480 1650 607 1700 quae
626 1634 822 1685 clauem
842 1633 1120 1700 agnitionis
1148 1634 1340 1685 habens
1366 1649 1457 1684 nec
1484 1631 1569 1703 [in]
1596 1635 1710 1699 ipsa
1732 1635 1965 1686 introiret
1987 1651 2077 1686 nec
2110 1651 2150 1682 15

212 1720 340 1772 alios
375 1721 581 1784 sineret,
622 1721 737 1773 ideo
773 1721 950 1773 adicit:
990 1720 1146 1771 nihil
1188 1724 1391 1772 autem
1432 1723 1724 1787 opertum,
1768 1722 1925 1787 quod
1964 1738 2074 1773 non

211 1809 488 1875 patefiet,
517 1812 573 1860 et
605 1809 760 1859 nihil
794 1808 1243 1871 absconditum,
1272 1808 1429 1874 quod
1462 1825 1575 1860 non
1611 1809 1979 1873 dinoscetur,
2014 1826 2075 1861 ne

211 1899 324 1963 quis
359 1898 615 1949 existimet
645 1898 794 1948 illum
830 1898 910 1948 dei
941 1897 1108 1964 ignoti
1138 1899 1271 1948 retro
1307 1900 1356 1948 et
1396 1897 1587 1948 occulti
1625 1897 1992 1948 reuelationem
2026 1902 2077 1948 et

208 1987 590 2054 adagnitionem
607 1986 873 2048 intentare,
894 2001 1009 2036 cum
1031 1985 1254 2036 subiciat
1272 1986 1441 2049 etiarn,
1459 2000 1586 2051 quae
1605 1985 1739 2035 intra
1757 2001 1809 2036 se
1835 1986 2074 2037 mussita-

204 2077 320 2126 rent
352 2077 434 2126 uel
459 2075 598 2125 'inter
630 2090 683 2125 se
715 2076 994 2125 tractarent
1026 2105 1095 2109 —
1128 2073 1327 2124 scilicet
1366 2081 1519 2139 super
1548 2073 1659 2139 ipso
1695 2074 1941 2125 dicentes:
1978 2074 2072 2124 hic
2105 2090 2148 2121 20

207 2179 324 2214 non
366 2162 628 2228 expellit
668 2161 982 2213 daemonia
1022 2162 1141 2213 nisi
1180 2162 1237 2212 in
1277 2162 1609 2212 Belzebule
1647 2163 1807 2213 —in
1840 2164 2072 2228 apertum

204 2266 511 2319 processura
552 2253 603 2301 et
641 2250 689 2300 in
734 2265 816 2301 ore
857 2250 1124 2301 hominum
1163 2249 1353 2311 futura,
1395 2265 1453 2300 ex
1492 2249 1746 2316 euangelii
1778 2250 2072 2318 promulga-

202 2340 359 2392 tione.
459 2338 655 2390 Deinde
696 2353 975 2389 conuersus
1016 2338 1079 2388 ad
1119 2338 1425 2404 discipulos:
1463 2337 1595 2388 dico
1638 2339 1854 2400 autem,
1887 2338 2069 2403 inquit,

202 2426 383 2478 uobis
417 2426 656 2477 amicis:
689 2425 887 2477 nolite
920 2425 1137 2476 terreri
1172 2425 1239 2475 ab
1275 2426 1379 2487 eis,
1415 2425 1516 2490 qui
1548 2440 1655 2476 uos
1691 2425 2067 2477 solummodo

204 2514 487 2566 occidere
527 2516 790 2580 possunt
828 2529 934 2564 nec
975 2514 1267 2579 posthoc
1304 2514 1493 2564 ullam
1532 2513 1589 2563 in
1629 2513 1803 2564 uobis
1845 2513 2067 2565 habent
2097 2529 2140 2562 25

200 2604 604 2669 potestatem;
655 2632 723 2638 -—
765 2601 855 2652 sed
894 2602 973 2652 his
1016 2601 1112 2652 erit
1148 2601 1326 2652 Esaias
1365 2600 1685 2666 praedicens:
1734 2601 1890 2663 uide,
1933 2617 2067 2668 quo-

347 2703 391 2758 6]
420 2701 472 2745 cf.
496 2701 571 2744 Es.
596 2702 664 2757 29,
691 2702 758 2745 13.
821 2701 927 2744 Luc.
961 2701 1028 2751 12,
1064 2701 1101 2743 1.
1167 2702 1238 2756 15]
1265 2701 1316 2743 cf.
1344 2701 1448 2743 Luc.
1476 2701 1542 2756 11,
1568 2701 1638 2743 52.
1696 2701 1772 2757 16]
1799 2701 1902 2744 Luc.
1932 2702 1999 2751 12,
2025 2703 2064 2744 2.

202 2775 390 2830 19—23]
415 2775 469 2818 cf.
489 2776 592 2818 Luc.
614 2776 680 2829 12,
700 2774 739 2816 3.
802 2775 876 2830 20]
903 2774 1063 2817 Matth.
1088 2775 1156 2823 12,
1182 2774 1251 2817 24.
1313 2775 1386 2829 23]
1413 2774 1517 2816 Luc.
1544 2775 1611 2825 12,
1635 2776 1676 2816 4.
1737 2775 1810 2829 26]
1831 2775 1903 2817 Ee.
1930 2777 1998 2826 57,
2026 2776 2063 2817 1.

259 2864 284 2905 2
311 2863 406 2918 quis
430 2862 488 2912 R,
514 2863 616 2918 quia
639 2862 745 2905 MF
861 2862 1103 2905 deficiendo
1129 2862 1186 2911 R,
1213 2861 1494 2917 despiciendo
1516 2861 1628 2913 MF,
1655 2861 1935 2904 desciscendo
1949 2863 2064 2916 fort.

199 2939 224 2979 5
255 2936 404 2991 placet
434 2935 502 2985 M,
534 2935 738 2990 placebat
767 2935 964 2991 Ruulyo
1050 2935 1103 2978 10
1134 2936 1221 2977 fuit
1254 2938 1298 2977 et
1327 2935 1506 2989 scripsi:
1536 2935 1694 2976 fuisset
1723 2934 1823 2976 MR
1941 2936 2063 2977 cuius

196 3010 291 3052 scil.
316 3009 595 3065 hypocriseos
657 3009 706 3050 11
735 3022 832 3051 curn
858 3009 1022 3063 addidi
1094 3008 1300 3064 prohibet
1322 3007 1435 3062 MF,
1459 3008 1664 3063 perhibet
1685 3007 1729 3050 R
1805 3008 2061 3063 exemplum.

194 3083 240 3124 in
271 3083 407 3137 uulyo
520 3082 574 3123 14
606 3080 954 3137 superficialibus
978 3080 1054 3133 R3,
1087 3081 1306 3138 superficii
1336 3081 1502 3123 talibus
1525 3080 1643 3125 ΜΕ1
1743 3082 1793 3123 15
1825 3081 1923 3137 ipsa
1944 3081 2060 3124 Iun:

195 3156 241 3197 in
261 3156 360 3210 ipsa
373 3154 474 3197 MR
536 3155 588 3196 17
614 3153 866 3197 dinoscetur
888 3154 946 3209 R,
966 3154 1265 3197 dinosceretur
1281 3154 1380 3197 MF
1437 3156 1488 3197 19
1513 3155 1778 3209 intemptare
1802 3153 1864 3196 M
1944 3155 2062 3196 intra

196 3227 321 3283 Enq:
351 3228 466 3270 inter
487 3227 587 3269 MR
675 3228 939 3270 musitarent
963 3228 1021 3270 M
1077 3227 1133 3270 20
1164 3228 1279 3269 inter
1310 3241 1356 3269 se
1385 3229 1631 3270 tractarent
1651 3226 1719 3281 M,
1751 3230 1992 3269 tractarent
2014 3227 2061 3270 R

194 3301 330 3356 uulgo
448 3301 500 3342 21
536 3300 772 3343 Belzebule
805 3300 863 3354 R,
894 3300 1167 3343 belzebulem
1198 3299 1266 3354 M,
1297 3299 1544 3342 Beelzebub
1583 3298 1792 3343 oehlerus
1923 3300 1977 3342 22
2011 3313 2061 3342 ex

193 3372 374 3427 JVIGR3,
408 3375 453 3415 et
474 3371 538 3417 131
626 3373 682 3415 23
716 3373 872 3416 deinde
903 3373 970 3427 M,
1004 3372 1162 3415 dehinc
1188 3373 1381 3429 Ruul90
1471 3373 1528 3415 24
1559 3373 1708 3415 amicis
1740 3373 1847 3415 meis
1878 3372 2061 3415 NPam

194 3447 247 3489 26
274 3446 569 3501 parenthesin
598 3446 806 3489 indicaui
924 3446 990 3488 his
1022 3446 1089 3500 M,
1122 3446 1208 3488 hiis
1239 3447 1295 3501 R,
1328 3446 1382 3488 iis
1419 3445 1501 3488 Gez
1531 3446 1691 3500 reliqui
