2248 3646
194 219 299 269 540
578 215 768 267 Quinti
801 214 1028 270 Septimi
1059 214 1336 257 Florentis
1368 215 1699 259 Tertulliani

198 375 436 426 dominus
476 390 566 441 per
605 375 943 441 semetipsum
985 378 1224 441 operetur
1262 375 1372 426 siue
1411 391 1499 441 per
1529 375 1711 438 filium,
1746 377 1894 429 aliter
1923 377 2063 445 <per>

197 463 471 528 prophetas
513 462 736 513 famulos
785 477 926 524 suos,
972 462 1190 513 maxime
1232 462 1540 514 documenta
1578 464 1791 517 uirtutis
1833 468 1884 515 et
1920 468 2061 531 pote-

198 550 366 612 statis,
424 565 553 615 quae
601 552 660 600 ut
707 549 921 600 clariora
970 553 1022 600 et
1066 549 1335 610 ualidiora,
1393 566 1492 617 qua
1529 552 1748 617 propria,
1806 552 1997 609 distare
2039 569 2066 604 a

195 638 407 689 uicariis
446 638 524 688 fas
566 640 660 688 est.
703 637 794 687 sed
834 637 1089 688 eiusmodi
1129 640 1180 687 et
1220 637 1342 688 alibi
1372 638 1474 688 iam
1508 637 1645 694 dicta
1678 642 1799 690 sunt
1828 639 1879 690 in
1914 640 2066 691 docu-

196 728 370 776 mento
427 725 703 791 superiore.
759 740 910 786 nunc,
953 724 1050 775 etsi
1090 725 1349 791 praefatus
1391 727 1471 776 est
1507 726 1699 778 multos
1739 728 1863 778 tunc
1902 727 2066 779 fuisse
2119 745 2139 776 5

195 814 428 880 leprosos
471 813 608 880 apud
647 813 928 864 Israhelem
966 813 1017 863 in
1059 813 1239 864 diebus
1278 813 1477 864 Helisei
1515 814 1794 880 prophetae
1828 816 2067 866 0131101111-

196 917 311 953 nem
376 916 552 952 eorum
613 902 892 966 purgatum
954 899 1053 950 nisi
1105 899 1301 950 Neman
1358 898 1558 966 Syrum,
1620 916 1718 952 non
1780 901 1960 967 utique
2018 905 2068 953 et

195 1004 440 1040 numerus
480 987 636 1039 faciet
675 988 737 1038 ad
779 987 1116 1038 differentiam
1151 988 1380 1051 deorum,
1412 989 1463 1039 in
1497 988 1899 1040 destructionem
1934 1005 2068 1040 crea-

198 1078 325 1129 toris
357 1093 517 1127 unum
550 1076 882 1126 remediantis
918 1078 969 1126 et
1000 1075 1367 1141 praelationem
1403 1075 1531 1136 eius,
1566 1077 1650 1141 qui
1685 1077 1859 1127 decem
1894 1092 2066 1128 emun-

196 1165 340 1216 darit.
374 1164 487 1229 quis
525 1163 658 1214 enim
693 1163 950 1214 dubitabit
974 1163 1146 1229 plures
1175 1163 1401 1229 <potius>
1426 1164 1658 1230 potuisse
1693 1163 1858 1215 curari
1891 1165 1952 1216 ab
1988 1181 2062 1223 00,
2098 1182 2136 1213 10

195 1253 282 1318 qui
329 1268 491 1303 unum
533 1253 780 1313 curasset,
823 1267 976 1317 quam
1016 1251 1076 1301 ab
1117 1251 1206 1302 illo
1250 1251 1441 1313 decem,
1483 1253 1570 1317 qui
1608 1268 1887 1317 numquam
1927 1255 2061 1304 retro

194 1343 390 1391 unum?
433 1339 523 1390 sed
562 1340 657 1390 hac
698 1355 814 1390 cum
853 1339 1071 1389 maxime
1111 1338 1525 1405 pronuntiatione
1566 1339 1901 1391 diffidentiam
1933 1340 2063 1392 Isra-

194 1428 325 1479 helis
358 1429 445 1479 1101
477 1426 770 1493 superbiam
803 1427 993 1493 pulsat,
1029 1426 1165 1492 quod
1198 1441 1314 1476 011111
1347 1427 1500 1477 multi
1533 1430 1706 1478 essent
1735 1427 1843 1478 11110
1874 1429 2063 1494 leprosi

196 1519 248 1566 et
286 1516 560 1582 prophetes
600 1530 698 1565 non
741 1515 961 1575 deesset,
1004 1514 1158 1565 etiam
1199 1514 1335 1565 edito
1378 1514 1683 1566 documento
1724 1531 1871 1567 nemo
1914 1515 2063 1567 decu·

197 1603 444 1654 currisset
483 1602 545 1653 ad
587 1602 738 1653 deum
779 1604 1071 1669 operantem
1102 1602 1153 1652 in
1185 1602 1445 1668 prophete.
1485 1602 1646 1668 igitur
1679 1604 1919 1668 quoniam
1950 1603 2061 1669 ipse
2095 1619 2135 1648 1⁵

196 1695 303 1741 erat
349 1690 680 1741 authenticus
729 1689 954 1756 pontifex
1003 1689 1082 1740 dei
1128 1690 1306 1754 patriS,
1354 1689 1577 1754 inspexit
1613 1690 1730 1741 illos
1772 1690 2056 1742 secundum

193 1779 324 1845 legis
351 1794 606 1842 arcanum,
639 1777 978 1845 significantis
1006 1777 1269 1830 Christum
1301 1793 1415 1829 esse
1447 1794 1629 1830 uerum
1662 1779 2058 1845 disceptatorem

195 1870 247 1918 et
285 1867 605 1919 elimatorem
643 1867 980 1918 humanarum
1021 1866 1354 1918 macularum.
1408 1867 1497 1918 sed
1545 1869 1595 1918 et
1636 1868 1771 1934 quod
1808 1867 1860 1920 in
1899 1870 2058 1919 mani-

197 1955 329 2006 festo
370 1955 470 2007 fuit
506 1955 639 2022 legis
680 1955 963 2021 praecepit:
1010 1955 1120 2017 ite,
1163 1955 1503 2006 ostendite
1543 1972 1660 2008 uos
1701 1956 2058 2008 sacerdoti-

195 2043 328 2094 bus.
360 2059 464 2108 cur,
499 2044 543 2095 si
566 2043 684 2095 illos
711 2045 825 2094 ante
854 2046 960 2094 erat
985 2042 1390 2095 emundaturus?
1424 2059 1484 2094 an
1511 2044 1659 2110 quasi
1682 2044 1813 2111 legis
1845 2044 2056 2105 inlusor,
2088 2055 2130 2087 20

194 2135 252 2182 ut
277 2131 326 2182 in
351 2132 533 2183 itinere
567 2131 758 2183 curatis
793 2131 1086 2183 ostenderet
1116 2131 1244 2181 nihil
1269 2147 1381 2182 0330
1405 2131 1571 2199 legem
1599 2147 1715 2182 cum
1740 2133 1869 2197 ipsis
1897 2147 2060 2183 sacer-

196 2218 438 2273 dotibus?
456 2222 507 2270 et
531 2220 710 2285 utique
737 2216 972 2289 [uideret]
1001 2219 1200 2283 uiderit,
1219 2219 1261 2270 si
1282 2220 1365 2270 0111
1382 2221 1488 2270 tam
1508 2220 1770 2286 opiniosus
1795 2219 2059 2271 uidebitur

197 2305 448 2358 Christus,
500 2306 659 2357 immo
716 2306 948 2374 digniora
994 2310 1116 2358 sunt
1152 2306 1532 2372 interpretanda
1571 2309 1623 2357 et
1659 2306 1779 2357 fidei
1817 2306 2054 2358 iustiora:

192 2394 309 2445 ideo
362 2394 483 2446 illos
537 2394 864 2456 remediatOS,
920 2394 1038 2460 quia
1091 2393 1373 2445 secundum
1420 2395 1588 2461 legem
1634 2394 1766 2445 iussi
1812 2394 1950 2445 abire
1996 2394 2058 2445 ad

195 2481 488 2533 sacerdotes
544 2482 895 2534 obaudierant.
949 2498 1114 2548 neque
1169 2482 1302 2534 enim
1353 2481 1596 2534 credibile
1647 2484 1726 2534 est
1778 2482 2058 2533 emeruisse
2090 2492 2131 2523 25

195 2569 500 2621 medicinam
557 2586 584 2620 a
637 2570 955 2622 destructore
1008 2571 1141 2638 legis
1198 2571 1554 2621 obseruatores
1615 2569 1763 2636 legis
1825 2569 1915 2620 sed
1970 2585 2060 2620 cur

193 2657 411 2723 pristino
450 2657 652 2723 leproso
693 2658 821 2709 nihil
859 2658 962 2709 tale
1007 2657 1301 2728 praecepit?
1349 2658 1469 2722 quia
1513 2672 1605 2708 nec
1645 2657 1888 2708 Heliseus
1932 2656 2057 2722 Syro

341 2799 384 2854 5]
418 2799 470 2841 cf.
503 2799 608 2843 Luc.
640 2801 681 2853 4,
713 2801 782 2843 27.
855 2801 926 2856 19]
960 2801 1062 2844 Luc.
1097 2800 1165 2851 17,
1200 2799 1269 2843 14.
1337 2800 1412 2855 24}
1445 2799 1496 2842 cf.
1529 2798 1634 2843 Luc.
1669 2800 1736 2853 17,
1769 2800 1837 2841 24.
1900 2799 1970 2853 27]
2005 2798 2056 2840 cf.

194 2873 296 2916 Luc.
331 2874 370 2923 5,
407 2874 589 2916 12-13,

255 2976 274 3017 1
307 2976 449 3029 <per>
477 2975 714 3031 prophetas
738 2976 794 3029 R,
826 2977 1062 3031 prophetas
1085 2975 1192 3018 MF
1244 2977 1272 3019 4
1303 2978 1406 3018 sunt
1436 2975 1512 3026 33,
1546 2976 1635 3017 sint
1657 2973 1778 3018 MR1
1838 2974 1861 3015 7
1885 2973 2055 3016 Neman

194 3048 353 3102 scripsi
375 3049 448 3103 (cf.
479 3051 577 3102 541,
601 3050 662 3101 1):
687 3048 883 3091 Neeman
905 3047 982 3098 31,
1007 3061 1188 3091 neaman
1215 3048 1282 3098 M,
1307 3049 1539 3091 Naamann
1562 3047 1626 3092 R3
1640 3048 1777 3103 uulyo
1867 3048 1911 3089 et
1937 3050 1986 3099 (s,
2011 3060 2053 3088 u.

199 3134 228 3162 α
257 3135 312 3163 m.
344 3121 384 3172 1)
417 3122 485 3174 Μ,
518 3134 598 3165 om.
633 3123 721 3177 Riy
796 3123 850 3165 10
881 3123 1029 3178 potius
1062 3122 1165 3164 add.
1198 3122 1302 3177 Eny
1384 3122 1439 3164 14
1471 3122 1589 3164 edito
1621 3121 1698 3172 R3‚
1729 3122 1775 3163 in
1807 3119 1925 3163 edito
1957 3120 2056 3163 MR

201 3194 252 3236 15
286 3194 499 3250 prophete
522 3195 635 3244 MF,
669 3196 896 3251 prophetis
922 3195 966 3239 R
983 3196 1118 3250 uulgo
1183 3196 1232 3238 17
1261 3195 1597 3251 dispectatorem
1614 3196 1727 3250 fort.
1750 3195 1825 3247 (cf.
1850 3195 1960 3247 539,
1983 3195 2055 3245 18)

199 3267 252 3309 18
277 3267 548 3310 elimatorem
574 3282 628 3311 em
653 3269 974 3311 eliminatorem
998 3269 1054 3311 M
1077 3271 1204 3322 (corr.
1231 3283 1286 3311 m.
1309 3269 1349 3322 1>
1431 3269 1486 3310 22
1509 3267 1809 3310 sacerdotibus
1835 3269 1880 3309 et
1902 3267 2055 3321 utique

194 3339 402 3383 rideret?
436 3341 601 3383 uiderit
630 3341 733 3396 Eny
849 3341 1021 3384 uideret
1049 3342 1148 3384 secl.
1179 3340 1243 3385 33
1361 3342 1397 3383 31
1429 3341 1499 3384 0111
1527 3343 1619 3384 tam
1650 3341 1707 3390 3,
1740 3341 1802 3382 310
1833 3341 1971 3382 uitam
2002 3339 2062 3380 M

197 3416 252 3456 24
278 3414 381 3468 quia
403 3414 470 3464 M,
497 3428 582 3469 qua
604 3414 800 3470 Ruulyo
860 3416 916 3457 26
941 3414 1244 3457 obseruatores
1268 3414 1345 3465 33,
1372 3414 1669 3457 obsecratores
1691 3413 1750 3455 M
1772 3414 1838 3463 (in
1860 3415 1968 3465 ras.)
1994 3411 2055 3454 31
