2248 3646
444 240 535 282 VII.
569 235 832 281 Aduersus
861 239 1176 281 Marcionem
1209 239 1281 280 lib.
1314 239 1335 279 I
1366 238 1551 280 29—1ib.
1583 237 1626 278 ΙΙ
1660 239 1695 280 1.
1891 242 1990 290 333

186 412 274 445 suo
319 396 548 458 tempori,
603 395 830 444 sicut-et
873 395 1094 459 ipsarum
1149 395 1507 458 scripturarum
1561 393 1991 454 examinationem,

186 481 365 544 quibus
407 480 624 530 Marcion
662 480 833 530 utitur.

793 700 990 742 LIBER
1023 700 1378 743 SECVNDVS.

256 805 297 851 1.
339 776 555 853 Occasio
602 803 900 853 reformandi
948 803 1176 867 opusculi
1223 803 1388 863 huius7
1444 804 1524 854 cui
1580 804 1699 868 quid
1752 804 1991 853 acciderit

130 909 149 937 5
182 889 341 952 primo
373 888 598 938 libellulo
632 889 841 953 praefati
875 904 1064 946 sumus,
1106 889 1200 938 hoc
1233 904 1430 953 quoque
1472 890 1684 939 contulit
1721 889 1880 948 nobiS‚
1919 889 1995 938 uti

111 1334 149 1363 10

110 1755 149 1783 15

104 2179 145 2211 20

183 973 375 1023 duobus
430 973 541 1023 diis¹
577 975 818 1024 aduersus
874 974 1177 1023 Marcionem
1228 975 1555 1024 retractandis
1611 990 1757 1024 suum
1814 975 1994 1037 cuique

180 1059 383 1108 titulum
433 1063 482 1108 et
527 1061 762 1109 uolumen
814 1059 1241 1124 distingueremus
1295 1075 1382 1122 pro
1435 1060 1675 1109 materiae
1729 1059 1992 1119 diuisione,

181 1145 390 1194 alterum
417 1145 563 1194 deum
591 1145 881 1195 definientes
908 1133 1107 1194 omnino
1141 1160 1235 1194 non
1267 1161 1394 1203 esse,
1428 1146 1640 1195 alterum
1674 1145 1994 1194 defendentes

182 1230 328 1295 digne
362 1231 507 1279 deum
536 1247 662 1290 esse,
696 1234 938 1294 quatenus
963 1231 1034 1280 ita
1058 1231 1267 1280 Pontico
1292 1231 1485 1294 placuit
1516 1231 1728 1280 alterum
1763 1231 1996 1279 inducere

181 1316 393 1373 alterum
422 1316 694 1365 excludere.
735 1332 829 1365 non
863 1317 994 1367 enim
1027 1319 1222 1380 poterat
1253 1315 1510 1366 aedificare
1542 1316 1857 1365 mendacium
1891 1316 1996 1364 sine

181 1400 501 1450 demolitione
542 1400 790 1451 ueritatis,
841 1402 977 1451 aliud
1017 1402 1256 1451 subruere
1294 1417 1497 1469 necesse
1536 1401 1727 1461 habuit,
1769 1404 1825 1449 ut
1864 1401 2011 1464 quod'

180 1488 335 1536 uellet
372 1489 664 1537 exstrueret.
707 1488 778 1538 sic
818 1487 1048 1537 aedificat
1087 1488 1172 1551 qui
1210 1487 1408 1551 propria
1445 1490 1676 1551 paratura
1715 1489 1862 1536 caret.

253 1571 553 1636 Oportuerat
584 1575 761 1622 autem⁴
783 1573 834 1622 in
866 1573 959 1622 hoc
1000 1573 1163 1623 solum
1204 1573 1533 1636 disceptasse,
1575 1572 1707 1636 quod
1745 1586 1889 1621 nemo
1931 1571 1997 1621 sit

182 1656 302 1706 deus
326 1658 430 1715 ille,
465 1658 548 1722 qui
581 1659 789 1708 creatori
823 1659 1190 1723 superducitur,
1224 1660 1281 1708 ut
1303 1659 1429 1708 falso
1457 1658 1546 1707 deo
1573 1657 1782 1722 depulso
1807 1656 1997 1721 regulis

182 1742 329 1791 certis
363 1745 413 1791 et
442 1743 638 1792 unicam
662 1732 723 1792 >et
753 1743 1023 1806 perfectam
1050 1744 1505 1808 praescribentibus
1533 1743 1848 1792 diuinitatem
1874 1741 1998 1790 nihil

178 1828 276 1877 iam
311 1830 630 1892 quaereretur
659 1829 707 1877 in
742 1828 891 1878 deum
930 1844 1124 1887 uerum,
1166 1844 1313 1892 quem
1355 1831 1539 1891 quanto
1581 1829 1832 1878 constaret
1870 1841 1997 1885 esse,

179 1944 246 1948 —-—
280 1914 350 1962 sic
385 1914 600 1978 quoque,
643 1914 761 1963 dum
795 1915 946 1964 alium
982 1902 1219 1964 essenon
1259 1917 1458 1964 constat
1495 1944 1563 1948 -
1600 1916 1738 1963 tanto
1780 1913 1998 1976 qualem-

178 2014 391 2062 cumque
439 2000 543 2049 sine
598 2001 939 2050 controuersia
991 2001 1163 2050 haberi
1216 2000 1429 2062 deceret,
1477 1999 1783 2049 adorandum
1828 1999 1999 2063 potius

179 2100 326 2147 quam
372 2084 695 2134 iudicandum
738 2089 786 2134 et
825 2085 1178 2135 demerendum
1219 2086 1381 2150 magis
1422 2101 1571 2150 quam
1609 2084 1995 2134 retractandum.

175 2168 275 2237 [uel
329 2186 476 2234 quam
531 2171 811 2220 timendum
868 2172 927 2222 ob
984 2169 1346 2238 seueritatem]
1419 2171 1538 2235 quid
1592 2171 1722 2220 enim
1777 2170 1996 2233 amplius

175 2256 363 2304 homini
409 2257 748 2305 necessarium
789 2272 940 2321 quam
981 2272 1097 2306 cura
1135 2258 1184 2306 in
1225 2257 1372 2306 deum
1413 2273 1606 2316 uerum,
1644 2257 1693 2306 in
1735 2271 1899 2320 quem,
1940 2258 1996 2304 ut

235 2409 253 2449 1
287 2409 470 2463 tempori
499 2409 574 2458 Ra,
604 2411 796 2463 tempore
820 2408 936 2451 MR1
1037 2410 1393 2451 examinationem
1414 2410 1490 2458 13³,
1523 2410 1836 2451 examinatione
1865 2407 1996 2473 ΜΙζΙ,

175 2480 459 2522 exanimatum
496 2481 542 2521 F
647 2482 671 2522 2
709 2483 847 2522 utitur
884 2495 963 2522 om.
1002 2481 1079 2545 Fm
1180 2481 1477 2523 ADVERSVS
1515 2480 1863 2524 MARCIONEM
1900 2481 1994 2522 LIB

173 2550 384 2592 PRIMVS
415 2551 716 2605 EXPLICIT.;
748 2552 966 2595 INCIPIT
998 2553 1091 2594 LIB
1130 2553 1173 2594 Π
1211 2553 1276 2608 ΙΙΙ,
1321 2553 1509 2606 Explicit
1554 2553 1663 2594 liber
1707 2553 1880 2606 primus.
1926 2552 1994 2592 In—

174 2644 278 2697 cipit
305 2643 415 2684 liber
445 2646 470 2685 2
516 2643 721 2686 aduersus
751 2646 1010 2687 Marcionem
1039 2646 1087 2687 F
1169 2647 1194 2687 5
1225 2645 1419 2687 libellulo
1450 2646 1516 2698 M,
1547 2646 1694 2687 libello
1725 2646 1768 2687 R
1820 2649 1834 2661 ‘
1857 2646 1881 2686 6
1914 2644 1996 2685 diis

173 2714 284 2762 ΜΡ,
324 2714 414 2756 deis
453 2716 642 2769 Ruulqo
759 2730 878 2757 suum
918 2717 975 2766 R,
1013 2718 1080 2757 sui
1117 2717 1218 2757 MF
1304 2718 1355 2758 13
1385 2717 1525 2770 primi
1562 2716 1720 2770 eapitis
1757 2718 1996 2758 sententias

172 2798 263 2826 non
294 2790 393 2838 apte
420 2786 536 2828 inter
562 2800 605 2829 se
635 2788 860 2829 cohaerere
889 2794 999 2830 reete
1028 2789 1198 2830 monuit
1219 2802 1308 2829 van
1339 2788 1413 2829 cler
1444 2788 1556 2830 Vliet
1587 2788 1767 2841 (Studia
1798 2783 1994 2830 ecclesia-

156 2857 284 2897 *stica
299 2871 345 2910 p.
369 2860 456 2910 64).
482 2858 560 2900 hoe
581 2859 685 2902 inde
696 2861 873 2912 factum
897 2864 970 2909 est,
994 2859 1111 2913 quod
1134 2864 1301 2911 auctor,
1327 2873 1421 2900 cum
1440 2861 1612 2901 tertium
1636 2859 1762 2901 edens
1784 2859 1864 2900 hoc
1887 2872 1996 2911 opus

175 2941 226 2968 eoe
260 2942 349 2970 uno
387 2929 497 2971 duos
535 2930 666 2971 libros
693 2931 876 2983 faceret,
907 2935 1131 2984 postrema
1168 2931 1303 2971 uerba
1336 2931 1438 2972 libri
1467 2931 1606 2984 primi
1643 2935 1682 2972 et
1714 2931 1864 2983 prima
1896 2930 1997 2971 libri

173 2999 350 3040 secundi
395 3000 581 3041 addidit.
617 3001 720 3042 inde
763 3003 895 3043 etiam
931 3002 1086 3048 euenit,
1124 3007 1173 3043 ut
1205 3015 1288 3055 pro
1320 3004 1578 3054 ·”,‘³0rtue1·at
1616 3001 1841 3056 quidem,
1880 3001 1997 3053 quod

166 3075 347 3123 propter
361 3071 477 3112 illud
500 3075 545 3112 at
560 3085 671 3113 nunc
687 3075 812 3126 (334,
827 3073 866 3126 1)
883 3073 1153 3126 postulatur,
1171 3085 1290 3113 nune
1307 3075 1519 3125 l'QJamus:
1536 3075 1787 3126 oportuerat
1806 3074 1993 3112 autem.

166 3155 251 3194 pro
281 3155 364 3195 quo
393 3143 432 3184 si
459 3144 700 3185 restitueris
724 3144 895 3197 quidem
918 3144 1094 3185 seclusis
1117 3144 1394 3196 postmodum
1420 3143 1585 3184 additis
1605 3143 1750 3195 facile
1778 3143 1996 3195 intelleyes

167 3213 360 3265 priorem
389 3215 702 3256 sententiarum
731 3205 889 3256 hemum
910 3215 1039 3255 nulla
1062 3216 1112 3255 m
1134 3228 1179 3255 re
1204 3214 1478 3267 deficientem.
1571 3216 1618 3255 17
1654 3215 1869 3255 constaret
1890 3213 1994 3265 fort.

178 3284 230 3327 18
261 3284 763 3337 potius—demerendum
804 3299 883 3328 om.
916 3285 962 3326 F
1071 3285 1126 3326 20
1165 3286 1570 3326 uel—seueritatem
1600 3285 1775 3326 seclusit
1803 3297 1891 3325 van
1921 3284 1996 3325 der

184 3355 296 3396 Vliet
