2248 3646
635 307 690 347 II.
723 307 793 347 De
827 306 1011 348 Carnis
1042 307 1453 348 Resurrectione
1484 309 1552 350 26.
1937 313 2003 361 63

187 462 383 512 fioatam
417 464 466 509 et
503 464 883 512 consecuturam
919 477 1042 526 quae
1074 477 1182 511 nee
1216 463 1443 512 oculus
1476 464 1651 513 uidit
1682 479 1791 513 nee
1825 467 2000 516 auris

190 547 447 596 audiuit
499 561 608 596 nee
661 546 719 596 in
775 561 879 595 cor
938 547 1216 596 hominis
1279 548 1732 600 ascenderunt.
1779 550 1997 613 alioquin

189 632 309 683 satis
349 647 549 692 uanum,
594 634 644 681 ut
685 632 741 680 ad
784 632 1080 695 obsequium
1115 632 1235 682 deus
1276 633 1524 682 fructibus
1567 634 1672 698 agri
1712 636 1762 683 et
1800 634 2000 684 cibariis

188 718 320 767 uitae
373 717 522 766 huius
582 717 783 777 inuitet,
837 732 962 780 quae
1017 718 1167 766 etiam
1226 718 1529 783 inreligiosis
1587 721 1636 767 et
1692 719 2000 784 blasphemis

138 820 157 850 ⁵
188 804 342 853 semel
386 802 576 851 homini
630 802 828 851 addicta
880 802 1162 851 conditione
1216 803 1569 863 communicat,
1623 803 1800 868 pluens
1855 820 2002 867 super

118 1245 153 1274 10

113 1672 149 1699 15

112 2099 152 2129 20

113 2523 151 2554 25

185 888 337 937 bonos
378 889 425 935 et
461 887 620 936 malos
661 890 710 935 et
748 886 906 936 solem
945 902 1090 936 suum
1139 887 1344 936 mittens
1384 902 1533 950 super
1582 889 1745 937 iustos
1787 892 1836 938 et
1872 890 2000 938 iniu-

186 975 306 1021 stos,
345 971 462 1021 felix
499 971 733 1020 nimirum
765 971 904 1031 fideS,
939 971 982 1021 si
1015 987 1070 1020 ea
1109 974 1441 1021 consecutura
1480 975 1572 1032 est,
1608 974 1789 1036 quibus
1829 974 1999 1024 hostes

185 1058 262 1107 dei
317 1059 366 1106 et
411 1056 598 1106 Christi
649 1073 743 1106 non
802 1057 951 1106 modo
1006 1059 1221 1106 utuntur
1273 1073 1448 1106 uerum
1504 1059 1654 1107 etiam
1708 1059 1999 1121 abutuntur,

181 1144 339 1208 ipsam
395 1142 729 1191 conditionem
777 1143 996 1190 colentes
1044 1141 1288 1190 aduersus
1336 1141 1657 1191 conditorem.
1712 1143 1894 1193 bulbos
1951 1147 2001 1193 et

184 1229 362 1278 tubera
397 1228 445 1277 in
485 1230 644 1277 terrae
690 1227 834 1277 bonis
884 1226 1164 1292 deputabiS,
1213 1226 1413 1276 domino
1460 1229 1814 1290 pronuntiante
1851 1245 1910 1278 ne
1949 1230 1998 1278 in

182 1330 305 1379 pane
359 1313 560 1377 quidem
605 1313 857 1361 uicturum
903 1313 1194 1361 hominem?
1240 1312 1312 1361 sic
1356 1312 1530 1361 Iudaei
1575 1315 1768 1362 terrena
1813 1315 1997 1363 solum-

183 1399 328 1449 modo
376 1398 618 1464 sperando
675 1398 913 1448 caelestia
966 1399 1221 1457 amittunt,
1277 1397 1565 1461 ignorantes
1621 1400 1670 1447 et
1721 1414 1896 1461 panem
1940 1400 1998 1449 de

183 1484 387 1535 caelesti
433 1484 796 1549 repromissum
847 1486 895 1532 et
942 1484 1105 1532 oleum
1159 1483 1359 1532 diuinae
1413 1483 1663 1532 unotionis
1718 1486 1767 1532 et
1818 1500 1996 1548 aquam

183 1571 388 1636 spiritus
429 1573 478 1619 et
514 1569 691 1618 uinum
734 1569 926 1618 animae
965 1568 1244 1633 uigorantis
1295 1584 1349 1617 ex
1388 1568 1492 1617 uite
1535 1568 1735 1618 Christi.
1778 1570 1912 1619 sieut
1950 1572 1998 1619 et

179 1656 340 1721 ipsam
365 1658 545 1704 terram
573 1656 793 1704 sanctam
819 1654 1081 1703 Iudaicum
1105 1654 1299 1719 proprie
1326 1654 1488 1703 solum
1519 1658 1769 1719 reputant,
1791 1670 1997 1705 -carnem

180 1742 348 1806 potius
411 1741 596 1789 domini
648 1740 1088 1802 interpretandam,
1152 1754 1276 1803 quae
1332 1739 1503 1788 exinde
1558 1742 1607 1789 et
1666 1740 1712 1788 in
1768 1741 1996 1790 omnibns

181 1826 435 1876 Christum
474 1825 662 1874 indutis
705 1827 876 1873 sancta
916 1825 984 1874 sit
1021 1828 1167 1884 terra,
1216 1840 1332 1874 uere
1380 1827 1553 1875 saneta
1597 1840 1686 1888 per
1722 1825 1995 1875 incolatum

180 1911 385 1974 spiritus
435 1911 610 1969 saneti,
665 1926 780 1959 uere
827 1911 956 1959 lacte
1005 1912 1054 1959 et
1098 1909 1246 1959 melle
1293 1925 1498 1959 manans
1551 1926 1639 1974 per
1691 1912 1995 1960 suauitatem

182 1997 287 2060 spei
324 1997 500 2059 ipsiuS,
539 2012 656 2046 uere
688 1995 875 2044 Iudaea
906 2011 993 2059 per
1026 1995 1103 2044 dei
1134 1995 1550 2055 familiaritatem,
1581 2025 1650 2031 --
1681 2011 1792 2045 non
1834 1997 1994 2045 enim

183 2082 283 2146 qui
321 2082 381 2130 in
421 2082 768 2130 manifesto
810 2080 1107 2137 Iudaeus,
1149 2080 1254 2129 sed
1293 2081 1398 2144 qui
1437 2082 1495 2129 in
1538 2083 1794 2132 occulto
1838 2111 1900 2116 —
1940 2085 1997 2131 ut

183 2173 231 2217 et
268 2168 510 2230 templum
562 2167 640 2216 dei
688 2167 859 2216 eadem
900 2167 967 2216 sit
1005 2170 1054 2215 et
1090 2166 1425 2226 Hierusalem,
1468 2166 1672 2215 audiens
1721 2168 1780 2216 ab
1828 2167 1992 2217 Esaia:

183 2267 428 2317 exurge,
491 2267 724 2317 exurge
779 2251 1201 2308 Hierusalem,
1277 2251 1467 2300 indue
1535 2252 1993 2301 fortitudinem

181 2338 431 2388 brachii
482 2338 594 2396 tui,
650 2353 899 2402 exurge,
950 2337 1127 2386 sicut
1170 2337 1229 2385 in
1268 2337 1605 2401 primordii
1646 2337 1759 2398 die,
1801 2337 1997 2386 seilicet

180 2423 228 2473 in
273 2424 362 2473 illa
405 2423 713 2492 integritate,
762 2438 858 2486 qua
901 2422 1066 2472 fuerat
1111 2424 1222 2472 ante
1270 2422 1508 2472 delictum
1564 2423 1993 2488 transgressionis

185 2509 268 2573 qui
300 2509 429 2558 enim
461 2509 510 2558 in
543 2524 650 2558 eam
682 2508 998 2558 Hierusalem
1033 2523 1182 2557 uoees
1216 2508 1467 2558 eiusmodi
1507 2511 1790 2572 competent
1828 2509 1994 2557 exhor-

182 2594 384 2644 tationis
433 2597 482 2643 et
527 2593 887 2655 aduocationiS,
934 2608 1058 2657 quae
1106 2593 1291 2642 oceidit
1337 2593 1610 2658 prophetas
1658 2596 1708 2643 et
1749 2593 1996 2658 lapidauit

325 2706 364 2759 1]
397 2705 418 2746 Ι
450 2704 543 2747 Cor.
575 2706 614 2753 2,
648 2707 685 2746 9.
775 2705 815 2759 5]
851 2704 903 2747 cf.
926 2705 1083 2746 Matth.
1109 2705 1146 2755 5,
1171 2705 1238 2745 45.
1327 2705 1370 2758 9]
1410 2704 1459 2745 ef.
1483 2705 1603 2746 Rom.
1631 2706 1667 2755 1,
1691 2705 1758 2747 25.
1848 2704 1916 2759 11]
1942 2703 1993 2745 cf.

182 2777 307 2818 Deut.
332 2777 370 2829 8,
389 2777 433 2825 3;
460 2777 558 2817 Lue.
581 2777 620 2825 4,
638 2777 684 2826 4;
710 2776 864 2817 Matth.
888 2778 926 2823 4,
951 2778 989 2816 4.
1080 2775 1147 2828 12]
1172 2775 1222 2817 cf.
1247 2775 1338 2817 Ioh.
1364 2776 1401 2824 6,
1427 2776 1493 2817 51.
1585 2776 1653 2829 14]
1672 2775 1723 2817 of.
1747 2775 1837 2816 Ioh.
1865 2776 1929 2828 15,
1958 2776 1992 2817 1·.

185 2848 252 2901 15]
288 2847 339 2889 cf.
372 2847 498 2888 Exod.
522 2848 559 2894 3,
586 2849 623 2889 5.
723 2847 790 2900 18]
819 2846 869 2887 cf.
896 2846 1027 2888 Exod.
1054 2848 1092 2899 3,
1119 2847 1184 2887 17.
1277 2847 1345 2900 19]
1372 2846 1492 2887 Rom.
1517 2847 1556 2895 2,
1581 2847 1647 2888 28.
1672 2847 1739 2888 29.
1827 2847 1898 2900 22]
1925 2847 1992 2887 Es.

184 2918 248 2966 51,
281 2919 318 2959 9.
406 2915 477 2971 26]
513 2917 562 2958 cf.
594 2917 747 2958 Matth.
781 2917 848 2971 23,
884 2918 957 2968 37;
991 2917 1091 2959 Luc.
1127 2917 1191 2965 13,
1227 2917 1292 2958 34.

238 3003 262 3043 2
308 3002 591 3043 ascenderunt
633 3001 733 3055 FR,
781 3002 974 3043 ascendit
1019 3002 1116 3042 PM
1223 3003 1246 3043 6
1292 3002 1469 3042 mittens
1514 3001 1667 3049 PMF,
1713 3002 1912 3043 emittens
1962 3001 1997 3042 C

184 3074 205 3114 7
240 3076 305 3115 est
333 3074 387 3125 B,
427 3076 527 3114 sunt
555 3073 699 3114 PMF
782 3073 829 3113 11
871 3073 1097 3113 hominem.
1137 3074 1196 3113 sic
1234 3073 1365 3126 uulyo
1456 3072 1507 3114 13
1546 3085 1698 3125 aquam
1737 3073 1912 3126 spiritus
1947 3071 1992 3122 G,

183 3145 326 3185 uinum
372 3144 548 3198 spiritus
593 3144 735 3185 PMF
834 3144 885 3185 14
929 3145 1075 3184 uinum
1121 3145 1287 3185 animae
1338 3143 1383 3197 C,
1438 3157 1591 3197 aquam
1645 3144 1810 3184 animae
1855 3142 1997 3183 PMF

186 3216 235 3257 17
272 3229 370 3257 uere
409 3217 448 3268 (e
486 3228 538 3257 ex
563 3228 599 3256 ·a
635 3227 744 3256 corr.
784 3215 841 3267 R)
879 3215 921 3256 P
1004 3216 1054 3256 21
1098 3215 1165 3256 dei
1205 3229 1284 3257 om.
1322 3214 1425 3258 PR¹
1519 3216 1572 3256 22
1612 3214 1739 3255 indue
1776 3213 1991 3267 PMFR1,

182 3286 357 3333 induere
386 3286 449 3329 R³
477 3287 609 3340 uulqo
698 3287 749 3327 23
781 3287 1001 3340 primordii
1032 3287 1100 3328 die
1131 3287 1185 3334 F,
1219 3288 1448 3341 primordio
1481 3277 1549 3328 die
1580 3287 1646 3335 M,
1680 3286 1908 3340 primordio
1940 3287 1991 3340 P,

182 3357 410 3412 primordio
446 3358 565 3406 LdieiJ
594 3358 635 3398 B
722 3358 775 3398 24
814 3371 898 3411 qua
934 3357 1075 3399 fuerat
1104 3358 1212 3406 PM,
1246 3372 1352 3412 quae
1391 3358 1533 3399 fuerat
1563 3357 1610 3399 F
1692 3358 1744 3398 25
1779 3358 1848 3410 qui
1881 3358 1992 3398 enim

184 3430 303 3482 Eny:
335 3442 442 3482 quae
474 3429 585 3469 enirm
616 3428 757 3469 PMF
840 3429 894 3468 26
924 3427 1092 3482 lapidat
1125 3429 1206 3471 Gel
