2248 3646
98 1596 136 1627 15

94 2024 134 2054 20

92 2450 133 2480 25

768 234 800 275 Ι.
833 234 903 274 De
936 234 1202 287 patientia.
1232 235 1383 274 8—10.
1919 238 1982 286 15

174 390 567 454 temperandum.
622 405 709 438 cur
762 389 892 438 enim
945 389 1270 438 immoderate
1316 390 1443 438 feras
1485 390 1648 439 abisse
1689 405 1837 453 quem
1874 406 1985 439 mox

174 475 526 539 subsequeris?
566 477 785 524 ceterum
820 474 1135 538 impatientia
1165 474 1214 522 in
1245 474 1536 524 huiusmodi
1568 477 1618 524 et
1649 475 1755 539 spei
1786 478 1985 525 nostrae

173 560 300 609 male
341 560 589 610 ominatur
628 562 677 609 et
714 559 863 609 fidem
902 560 1287 622 praeuaricatur.
1337 561 1388 608 et
1427 559 1684 610 Christum
1720 560 1984 620 laedimus,

174 661 286 694 cum
320 647 555 695 euocatos
590 660 816 709 quosque
856 646 915 694 ab
954 645 1041 694 illo
1082 644 1226 708 quasi
1264 644 1575 695 miserandos
1613 661 1709 695 non
1755 646 1985 709 aequani-

174 729 321 778 miter
359 730 648 793 accipimus.
705 730 911 793 cupio,
966 729 1133 793 inquit
1173 730 1450 793 apostoluS‚
1504 730 1713 793 recipi
1757 731 1880 780 iam
1927 736 1985 780 et

173 830 308 864 esse
349 829 481 863 cum
522 814 786 864 domino.
827 816 1010 879 quanto
1051 814 1234 863 melius
1276 814 1497 864 ostendit
1533 817 1734 864 uotum!
1777 815 1984 866 Christi-

171 914 371 948 anorum
416 915 530 964 ergo
570 902 764 960 uotum,
806 900 849 950 si
888 900 1011 949 alios
1053 902 1349 949 consecutos
1388 899 1708 964 impatienter
1739 900 1983 960 dolemus,

169 983 265 1048 ipsi
306 985 544 1048 consequi
584 985 834 1034 nolumus.

243 1071 321 1119 10.
364 1070 455 1120 Est
494 1074 541 1119 et
609 1071 736 1120 alius
784 1086 1014 1120 summus
1060 1070 1409 1134 impatientiae
1459 1070 1716 1131 stimulus,
1775 1071 1983 1121 ultionis

169 1155 342 1214 libido,
381 1156 641 1220 negotium
683 1171 859 1205 curans
892 1158 980 1205 aut
1011 1156 1197 1221 gloriae
1231 1158 1317 1204 aut
1347 1155 1592 1222 malitiae2
1628 1155 1715 1204 sed
1748 1158 1798 1206 et
1827 1156 1985 1221 gloria

167 1240 355 1304 ubique
407 1255 536 1289 uana
589 1242 638 1289 et
687 1240 881 1290 malitia
932 1256 1204 1304 numquam
1259 1257 1353 1290 non
1401 1240 1600 1290 domino
1648 1240 1835 1302 odiosa,
1889 1242 1984 1291 hoc

168 1324 369 1388 quidem
420 1326 532 1375 loco
586 1341 699 1374 cum
753 1325 980 1386 maxime,
1037 1341 1150 1375 cum
1205 1325 1411 1375 alterius
1464 1325 1661 1375 malitia
1710 1328 1986 1389 prouocata

167 1411 472 1474 superiorem
514 1426 567 1460 se
603 1411 653 1460 in
692 1411 1004 1476 exsequenda
1042 1411 1232 1461 ultione
1272 1411 1539 1460 constituit
1576 1413 1626 1459 et
1661 1426 1982 1461 remunerans

166 1511 378 1558 nequam
419 1496 643 1561 duplicat
681 1496 814 1560 quod
852 1497 1008 1546 semel
1045 1496 1235 1546 factum
1276 1498 1364 1546 est.
1412 1497 1537 1546 ultio
1577 1511 1729 1560 penes
1770 1511 1983 1546 errorem

166 1581 405 1631 solacium
432 1582 635 1631 uidetur
667 1582 869 1643 doloris,
899 1597 1052 1646 penes
1085 1582 1353 1631 ueritatem
1385 1585 1634 1631 certamen
1665 1581 1986 1647 redarguitur

166 1667 512 1733 malignitatis.
568 1667 687 1731 quid
740 1667 870 1716 enim
924 1667 1077 1716 refert
1127 1667 1257 1716 inter
1307 1669 1664 1731 prouocantem
1713 1670 1763 1716 et
1806 1683 1983 1732 prouo-

166 1755 353 1811 catum‚
392 1752 488 1802 nisi
527 1753 660 1817 quod
695 1753 781 1802 ille
822 1753 954 1817 prior
989 1753 1039 1802 in
1080 1753 1326 1803 maleficio
1367 1752 1770 1817 deprehenditur,
1810 1757 1861 1804 at
1898 1755 1982 1805 ille

164 1837 440 1901 posterior?
500 1840 670 1888 tamen
729 1841 941 1902 uterque
999 1838 1126 1888 laesi
1185 1838 1403 1888 hominis
1465 1837 1666 1888 domino
1719 1854 1834 1889 reus
1891 1842 1981 1900 est,

167 1923 251 1986 qui
312 1938 455 1973 omne
509 1939 724 1987 nequam
778 1926 828 1973 et
878 1924 1111 1988 prohibet
1163 1927 1214 1973 et
1265 1924 1484 1974 damnat.
1541 1924 1680 1973 nulla
1729 1924 1779 1974 in
1833 1926 1982 1974 male-

164 2008 276 2058 ficio
338 2009 522 2058 ordinis
576 2009 701 2059 ratio
757 2011 849 2070 est,
910 2025 1001 2059 nec
1051 2011 1194 2059 locus
1250 2009 1465 2059 secernit
1517 2009 1650 2073 quod
1701 2009 1981 2060 similitudo

164 2094 435 2158 coniungit.
488 2109 577 2158 par
627 2094 818 2144 factum
870 2110 958 2158 par
1009 2095 1161 2144 habet
1213 2094 1466 2145 meritum.
1529 2094 1760 2144 absolute
1812 2095 1982 2159 itaque

161 2179 468 2243 praecipitur
531 2180 719 2229 malum
790 2180 922 2229 malo
990 2195 1086 2229 non
1152 2180 1540 2245 rependendum.
1615 2180 1866 2244 quomodo
1932 2181 1982 2230 id

164 2263 563 2324 obseruabimus‚
618 2264 662 2314 si
714 2265 1029 2315 fastidientes
1078 2281 1113 2315 se
1156 2265 1207 2314 in
1251 2265 1454 2315 fastidio
1502 2265 1708 2315 ultionis
1753 2280 1849 2316 non
1888 2267 1981 2316 eri-

163 2354 309 2398 mus?
366 2364 511 2413 quem
560 2352 728 2399 autem
776 2350 1014 2400 honorem
1052 2350 1315 2400 litabimus
1355 2350 1555 2401 domino
1596 2350 1704 2412 de0‚
1759 2351 1802 2400 si
1839 2351 1982 2401 nobis

164 2434 425 2484 arbitrium
506 2434 811 2485 defensionis
894 2436 1329 2502 arrogauerimus‘?
1415 2451 1506 2485 nos
1588 2438 1778 2500 putres,
1861 2452 1984 2487 uasa

163 2518 360 2569 fictilia!
409 2520 627 2569 seruulis
674 2520 860 2569 nostris
900 2519 1282 2571 adsumentibus
1329 2520 1426 2570 sibi
1474 2519 1533 2570 de
1573 2521 1828 2571 conseruis
1866 2522 1984 2572 ulti-

305 2686 348 2739 5]
381 2685 492 2726 Phil.
526 2686 564 2738 1,
596 2687 663 2728 23.
781 2688 853 2742 22]
888 2687 939 2728 cf.
970 2688 1093 2728 Rom.
1129 2689 1192 2740 12,
1228 2688 1292 2729 17.
1411 2689 1483 2742 25]
1519 2687 1572 2729 cf.
1604 2688 1676 2729 Ps.
1709 2689 1748 2741 2,
1781 2690 1818 2729 9.
1852 2691 1981 2742 Δροο.

164 2757 203 2807 2,
236 2756 303 2797 27.

221 2857 245 2897 6
278 2856 449 2898 domino
479 2857 587 2903 PM,
621 2857 780 2898 christo
804 2857 898 2899 NF
984 2860 1005 2898 7
1040 2871 1140 2911 ergo
1173 2862 1321 2900 uotum
1354 2872 1435 2900 om.
1460 2859 1520 2901 R¹
1549 2857 1700 2911 (etiam
1730 2859 1779 2899 in
1809 2859 1852 2899 P
1879 2860 1985 2900 haec

163 2928 298 2968 uerba
327 2928 489 2970 deleuit
517 2929 778 2980 Rhenanus)
920 2931 968 2972 11
1003 2944 1116 2972 uana
1148 2933 1192 2972 et
1221 2931 1335 2973 Lat.-
1364 2945 1450 2972 una
1482 2934 1526 2972 et
1554 2919 1709 2983 PMN,
1741 2945 1911 2984 unaque
1941 2932 1989 2973 F

168 3000 218 3040 12
250 3013 341 3041 cum
371 3000 530 3054 (prius)
560 3014 639 3043 om.
671 3002 714 3042 B
830 3002 1005 3044 alterius
1036 2998 1234 3052 PMNF,
1267 3003 1319 3043 ab
1352 3003 1528 3044 alterius
1551 3002 1594 3043 B
1683 3004 1733 3045 15
1765 3006 1983 3044 certamen

164 3070 275 3125 Riy:
304 3074 462 3113 certam
491 3073 690 3127 PMNF,
722 3075 872 3115 contra
907 3073 1112 3115 Oehlerus
1214 3075 1263 3114 17
1296 3074 1370 3115 ille
1399 3074 1623 3128 posterior.
1656 3075 1847 3114 attamen
1869 3074 1980 3126 fort.

157 3141 220 3183 ‚18
248 3144 392 3183 tamen
424 3163 477 3179 =
499 3143 747 3197 jedenfalls
859 3145 1046 3186 laesores
1077 3145 1124 3186 F
1224 3145 1274 3186 19
1307 3158 1475 3186 omnem
1505 3144 1548 3185 B
1648 3144 1703 3186 20
1732 3158 1811 3186 1166
1841 3144 1897 3191 R,
1929 3158 1981 3185 116

164 3212 208 3253 P
235 3214 275 3264 (c
306 3213 408 3255 add.
438 3214 500 3266 R)
528 3214 640 3264 MN,
672 3228 814 3257 nonne
844 3215 892 3256 F
1017 3215 1067 3256 21
1109 3216 1247 3257 uerba
1289 3216 1622 3270 par—meritum
1653 3216 1702 3255 in
1732 3215 1855 3256 libris
1883 3228 1980 3257 mss.

160 3288 262 3335 post
290 3274 607 3337 rependendum
639 3286 809 3327 tradita
839 3286 922 3327 huc
951 3286 1162 3328 transtuli
1249 3287 1302 3328 23
1334 3286 1542 3328 lacunam
1561 3286 1758 3340 signaui:
1781 3286 1981 3328 maleficii

154 3354 436 3402 ’ἰητενάᾱίεεε
457 3360 569 3408 puto
