2248 3646
210 238 313 290 318
583 236 772 288 Quinti
806 235 1034 290 Septimi
1066 236 1345 278 Florentis
1378 235 1706 278 Tertulliani

208 412 328 462 ergo
375 397 478 447 iam
528 397 814 462 apostolica
858 396 1067 446 traditio
1115 396 1243 446 nihil
1289 412 1441 461 passa
1489 400 1566 447 est
1613 397 1662 446 in
1711 400 1940 462 tempore
1986 414 2079 449 suo

209 485 342 536 circa
383 485 463 536 dei
494 486 746 552 regulam„
790 487 840 535 et
878 501 975 536 non
1017 484 1116 534 alia
1155 484 1476 551 agnoscenda
1511 486 1608 535 erit
1637 485 1844 537 traditio
1879 487 2080 551 aposto-

205 574 372 624 lorum
406 588 558 638 quam
593 588 722 637 quae
755 572 905 623 hodie
940 572 1074 637 apud
1105 572 1334 637 ipsorum
1370 572 1616 623 ecclesias
1659 572 1841 624 editur.
1882 574 2079 622 nullam

207 664 380 712 autem
444 660 717 727 apostolici
780 676 965 711 census
1031 659 1302 711 ecclesiam
1364 659 1615 721 inueniaS‚
1681 676 1807 725 quae
1868 676 1966 711 non
2029 661 2076 711 in

206 753 432 801 creatore
467 749 830 801 christianizet.
871 750 961 799 aut
1001 748 1044 799 si
1083 748 1178 798 hae
1221 750 1370 799 erunt
1409 764 1436 799 a
1475 748 1753 813 primordio
1796 752 2078 815 corruptae,
2133 768 2152 798 5

207 852 335 903 quae
392 840 541 887 erunt
585 835 849 903 integrae?
904 835 1149 886 nimirum
1205 835 1527 894 aduersariae
1585 835 1844 886 creatoris,
1903 836 2081 887 exhibe

204 941 325 993 ergo
375 926 601 990 aliquam
650 940 706 975 ex
754 924 860 975 tuis
909 923 1182 989 apostolici
1224 939 1428 986 censuse
1479 926 1529 974 et
1570 923 1857 974 obduxeris.
1920 924 2080 990 igitur

202 1029 320 1064 cum
355 1013 594 1064 omnibus
626 1012 794 1063 modis
830 1014 1033 1062 constet
1068 1012 1225 1062 aliurn
1269 1011 1420 1069 deum
1462 1012 1513 1061 in
1551 1012 1733 1077 regula
1773 1013 2078 1062 sacramenti

201 1101 359 1152 istius
407 1117 505 1151 non
552 1100 716 1151 fuisse
758 1116 785 1150 a
827 1098 1031 1151 Christo
1083 1115 1247 1165 usque
1290 1099 1352 1150 ad
1392 1100 1703 1150 Marcionem
1748 1115 1900 1164 quam
1942 1116 2075 1150 crea-

200 1192 382 1252 torem⁷
416 1189 544 1240 satis
568 1189 671 1239 iam
706 1192 757 1238 et
789 1188 1020 1253 probatio
1055 1190 1230 1238 nostra
1260 1187 1460 1238 munita
1493 1189 1587 1250 est,
1624 1203 1723 1252 qua
1756 1187 2073 1238 ostendimus
2109 1206 2147 1235 ω

204 1278 439 1330 notitiam
491 1278 571 1328 dei
618 1277 865 1328 haeretici
915 1292 972 1326 ex
1020 1276 1279 1342 euangelii
1328 1279 1378 1326 et
1416 1276 1547 1342 legis
1597 1276 1916 1340 separatione
1965 1291 2075 1326 coe-

202 1367 358 1432 pisse,
409 1368 460 1416 et
499 1364 727 1416 definitio
769 1365 1003 1429 superior
1040 1364 1293 1414 instructa
1335 1367 1430 1425 est„
1473 1379 1571 1414 non
1613 1379 1725 1413 esse
1767 1363 2075 1414 credendum

203 1455 373 1516 deum,
430 1470 580 1520 quem
630 1454 782 1503 homo
834 1453 895 1503 de
936 1453 1044 1503 suis
1088 1453 1327 1503 sensibus
1371 1452 1735 1518 composuerit„
1788 1451 1886 1501 nisi
1928 1452 2074 1516 plane

201 1542 496 1607 prophetes,
552 1542 603 1592 id
659 1545 738 1591 est
791 1556 889 1591 non
947 1540 1006 1590 de
1071 1540 1181 1590 suis
1239 1540 1492 1590 sensibus.
1564 1539 1701 1605 quod
1756 1539 1798 1589 si
1845 1538 2074 1589 Marcion

199 1631 390 1694 poterit
423 1629 539 1690 diei,
575 1629 782 1679 debebit
808 1629 962 1679 etiam
989 1628 1216 1694 probari;
1245 1645 1321 1680 aa·
1348 1628 1476 1678 nihil
1500 1630 1775 1678 retractare
1803 1626 2073 1692 oportebit,
2109 1647 2148 1676 15

201 1718 297 1769 hoc
361 1718 493 1769 enim
558 1733 718 1768 cuneo
781 1717 1018 1768 ueritatis
1077 1718 1242 1767 omnis
1299 1716 1587 1768 extruditur
1648 1715 1892 1767 haeresis,
1956 1729 2073 1765 cum

200 1805 438 1857 Christus
467 1823 563 1857 non
592 1806 800 1856 alterius
835 1806 916 1857 dei
949 1821 1101 1871 quam
1136 1806 1377 1856 creatoris
1412 1806 1741 1856 circumlator
1773 1802 2073 1855 ostenditur.

273 1896 356 1944 22.
387 1893 485 1945 Sed
520 1894 778 1959 quomodo
811 1894 1044 1944 funditus
1080 1896 1341 1944 euertetur
1373 1893 1725 1952 antichristuse
1759 1891 1858 1942 nisi
1890 1893 2074 1942 ceteris

201 1997 403 2047 quoque
436 1982 801 2032 iniectionibus
835 1982 946 2033 eius
989 1982 1239 2033 elidendis
1279 1983 1426 2033 locus
1468 1982 1632 2040 detur,
1673 1981 1893 2031 relaxata
1931 1995 2071 2046 prae-

197 2069 533 2136 scriptionum
579 2069 911 2120 defeusione‘?
963 2070 1268 2120 accedamus
1308 2070 1469 2137 igitur
1507 2070 1608 2119 iam
1650 2069 1765 2119 hinc
1805 2068 1868 2119 ad
1905 2068 2068 2134 ipsam
2103 2085 2145 2116 ρο

199 2158 281 2207 dei
327 2173 615 2223 personam,
670 2159 755 2208 uel
803 2159 978 2224 potius
1033 2158 1269 2208 umbram
1328 2162 1379 2209 et
1429 2158 1735 2223 phantasma
1788 2155 2070 2207 secundum

200 2245 465 2297 Christum
524 2247 708 2312 ipsius⁸
772 2263 862 2312 per
914 2246 1070 2311 idque
1126 2246 1460 2307 examinetur,
1526 2261 1614 2311 per
1668 2245 1803 2310 quod
1858 2245 2073 2295 creatori

198 2335 497 2400 praefertur.
562 2338 613 2385 et
662 2336 840 2400 utique
889 2338 1038 2386 erunt
1083 2335 1290 2401 regulae
1348 2336 1513 2386 certae
1569 2334 1631 2384 ad
1688 2333 2069 2384 examinandam

198 2422 276 2472 dei
303 2423 602 2474 bonitatem.
630 2424 719 2474 sed
744 2424 886 2490 prius
914 2427 1008 2486 est,
1042 2426 1099 2474 ut
1131 2423 1392 2474 inueniam
1423 2422 1565 2473 illam
1602 2426 1652 2472 et
1679 2420 2070 2488 adprehendam,

198 2513 251 2561 et
281 2510 353 2561 ita
393 2511 455 2561 ad
495 2513 703 2578 regulas
744 2511 1041 2578 perducam.
1091 2527 1205 2563 cum
1249 2511 1382 2561 enim
1424 2510 1782 2576 circumspicio
1821 2511 2069 2574 tempora,
2102 2523 2144 2555 25

199 2614 451 2664 nusquam
503 2602 583 2650 est
629 2616 657 2650 a
704 2600 983 2666 primordio
1031 2600 1363 2651 materiarum
1420 2602 1471 2651 et
1515 2598 1731 2649 introitu
1784 2612 2069 2657 causarum7

196 2702 314 2737 cum
349 2687 537 2753 quibus
570 2687 818 2740 debuerat
847 2688 1083 2750 inueniri7
1125 2687 1302 2739 exinde
1337 2703 1511 2754 agens,
1553 2702 1652 2752 quo
1688 2701 1837 2753 agere
1870 2685 2067 2736 habuit.

195 2776 303 2825 erat
350 2776 482 2826 enim
531 2776 632 2826 iam
683 2778 735 2827 et
779 2792 917 2827 mors
960 2778 1010 2827 et
1051 2775 1263 2827 aculeus
1305 2774 1504 2837 mortis,
1554 2775 1819 2836 delictum,
1868 2776 1919 2824 et
1956 2773 2070 2839 ipsa

195 2862 395 2913 malitia
443 2864 702 2927 creatoris,
757 2864 1007 2916 aduersus
1060 2880 1212 2930 quam
1264 2863 1538 2914 subuenire
1594 2862 1802 2912 deberet
1856 2860 2068 2911 alterius

341 2992 414 3047 28]
450 2991 503 3035 cf.
536 2992 557 3034 I
590 2993 687 3036 Cor.
723 2995 788 3044 15,
822 2996 890 3037 56.

256 3094 274 3135 1
310 3094 397 3136 iam
429 3095 543 3149 MR,
574 3096 661 3138 iam
696 3099 740 3138 et
762 3096 811 3139 F
888 3097 913 3139 3
940 3097 1364 3139 ecclesias—-census
1389 3108 1470 3138 om.
1496 3094 1544 3137 F
1625 3095 1674 3136 11
1700 3094 1911 3136 haeretici
1935 3091 2068 3145 Mle-2,

193 3166 415 3210 haeretice
454 3167 518 3210 R1
640 3169 692 3212 15
733 3170 944 3212 lacunam
974 3170 1182 3225 siynauz':
1220 3169 1257 3211 si
1290 3183 1376 3212 non
1410 3169 1576 3223 poterit
1607 3167 1785 3223 probari
1814 3165 2067 3220 supplenda

195 3253 345 3283 censeo
466 3242 690 3297 oportebit
724 3243 906 3297 εον-φθῇ·
949 3243 1184 3299 oportebat
1213 3242 1315 3285 MR
1407 3242 1460 3285 18
1493 3244 1716 3283 euertetur
1745 3241 1801 3290 R,
1836 3242 2068 3281 euentetur

193 3313 298 3355 ΜΕ
412 3315 468 3357 23
507 3316 838 3358 examinandum
878 3316 927 3359 F
1043 3318 1097 3359 26
1128 3317 1314 3358 introitu
1345 3316 1414 3365 M,
1453 3315 1497 3356 in
1527 3315 1714 3356 introitu
1745 3314 1789 3357 R
1892 3313 1946 3355 27
1980 3325 2064 3367 quo

193 3387 293 3429 MR
324 3388 396 3441 (ef.
427 3390 536 3441 336,
562 3391 656 3442 27),
683 3388 800 3444 quod
831 3388 916 3432 Urs
1034 3402 1163 3444 agere
1193 3388 1376 3443 scripsi:
1408 3388 1480 3442 agi
1504 3386 1604 3430 MR
1693 3386 1747 3429 28
1781 3390 1824 3428 et
1857 3399 1971 3427 mors
1995 3385 2064 3437 M,

194 3475 309 3502 mors
341 3462 385 3504 R
