2248 3646
683 238 731 279 V.
762 238 1029 280 Aduersus
1062 238 1248 280 Omnes
1279 238 1534 281 Haereses
1565 241 1605 281 4.
1948 245 2046 293 221

237 393 574 444 contristando
606 394 739 457 uel†
758 393 1011 443 suadendo
1035 393 1365 458 praestiterat.
1394 399 1520 444 ‘nam
1549 411 1604 445 ex
1628 402 1849 460 pauore',
1872 397 2050 460 inquit,

235 479 482 528 ‘tenebrae
514 478 674 527 factae
706 481 837 537 sunt,
872 494 926 527 ex
957 478 1135 527 timore
1168 480 1216 528 et
1247 478 1529 543 ignorantia
1561 479 1767 544 spiritus
1799 482 2049 544 nequitiae

235 566 284 612 et
319 562 667 628 malignitatis,
710 578 764 612 ex
794 563 1002 612 tristitia
1042 565 1092 613 et
1127 563 1348 613 lacrimis
1381 564 1589 613 humida
1618 564 1850 627 fontium,
1890 565 2050 615 flumi-

233 664 349 698 num
386 647 590 697 materia
618 648 903 713 marisque.'
935 648 1189 698 Christum
1222 651 1388 698 autem
1422 648 1632 699 missum
1667 650 1726 699 ab
1759 651 1846 699 illo
1878 666 2050 715 propa-

183 753 203 784 5
233 735 353 791 tore,
396 733 481 797 qui
520 734 598 782 est
627 733 838 798 Bythos,
877 733 1006 783 hunc
1038 736 1206 783 autem
1236 734 1284 783 in
1318 734 1603 784 substantia
1635 735 1853 798 corporis
1894 737 2048 785 nostri,

160 1180 200 1210 10

156 1603 196 1635 15

156 2031 196 2063 20

232 834 329 869 non
374 819 550 878 fuisse,
606 818 693 868 sed
741 818 963 882 spiritale
1008 819 1175 869 nescio
1225 819 1356 882 quod
1403 834 1584 883 corpus
1632 820 1689 870 de
1736 820 1871 870 caelo
1919 820 2047 870 defe-

229 906 440 965 rentem,
488 904 631 968 quasi
670 919 851 968 aquam
895 919 983 968 per
1025 903 1263 966 fistulam,
1311 905 1384 955 sic
1428 920 1517 968 per
1553 905 1763 955 Mariam
1801 906 2043 973 uirginem

230 993 582 1050 transmeasse,
621 988 746 1038 nihil
782 988 896 1038 inde
927 990 1010 1039 uel
1042 989 1370 1053 accipientem
1401 990 1486 1039 uel
1516 992 1846 1040 mutuantem.
1887 1007 2046 1041 resur-

229 1075 498 1127 rectionem
559 1075 709 1125 huius
772 1075 932 1125 carnis
992 1077 1157 1141 negat,
1218 1075 1304 1125 sed
1367 1076 1587 1128 alterius,
1640 1077 1770 1142 legis
1837 1079 1885 1126 et
1935 1093 2048 1141 pro-

228 1162 492 1225 phetarum
540 1160 780 1225 quaedam
826 1161 1019 1224 probat,
1066 1161 1307 1225 quaedam
1353 1161 1616 1226 improbat,
1664 1159 1713 1211 id
1761 1167 1840 1212 est
1884 1163 2047 1213 omnia

226 1247 492 1310 improbat,
547 1246 665 1296 dum
720 1246 962 1311 quaedam
1015 1246 1262 1310 reprobat.
1324 1247 1642 1312 euangelium
1694 1248 1846 1298 habet
1896 1248 2044 1298 etiam

229 1347 381 1383 suum
415 1334 609 1395 praeter
639 1332 762 1380 haec
793 1333 976 1383 nostra.
1013 1333 1128 1396 post
1166 1331 1296 1381 hunc
1335 1332 1606 1382 extiterunt
1635 1333 1957 1383 Ptolomaeus
1997 1336 2047 1383 et

230 1415 487 1466 Secundus
527 1417 780 1474 haeretici,
822 1415 906 1480 qui
946 1432 1059 1466 cum
1091 1416 1355 1467 Valentino
1396 1433 1482 1482 per
1514 1420 1679 1468 omnia
1710 1418 2041 1478 consentiunt,

226 1502 275 1551 in
320 1500 407 1552 illo
463 1502 570 1553 solo
617 1498 874 1551 differunt:
929 1517 1042 1551 nam
1097 1517 1211 1551 cum
1256 1501 1552 1553 Valentinus
1598 1503 1793 1553 Aeonas
1846 1506 2042 1554 tantum

227 1587 435 1654 triginta
484 1587 727 1648 finxisset,
784 1587 871 1636 isti
932 1586 1229 1636 addiderunt
1288 1588 1411 1638 alios
1466 1589 1768 1654 complures;
1831 1592 2048 1653 quatuor

227 1674 358 1724 enim
403 1672 637 1737 primum,
687 1671 863 1721 deinde
910 1672 1034 1722 alios
1081 1674 1294 1734 quatuor
1345 1672 1760 1738 adgregauerunt.
1817 1678 1864 1723 et
1909 1676 2041 1739 quod

226 1758 348 1808 dicit
389 1757 679 1808 Valentinus
720 1759 937 1807 Aeonem
983 1757 1293 1807 tricesimum
1334 1757 1607 1807 excessisse
1647 1758 1706 1808 de
1742 1759 2043 1821 Pleromate,

225 1847 282 1893 ut
317 1844 366 1893 in
407 1843 756 1902 defectionem,
804 1845 987 1908 negant
1029 1842 1139 1892 isti:
1178 1858 1273 1893 non
1321 1843 1452 1892 enim
1500 1858 1556 1893 ex
1599 1844 1689 1894 illa
1733 1845 2040 1896 triacontada

224 1927 380 1979 fuisse
441 1928 589 1989 hunc,
654 1928 740 1992 qui
800 1928 952 1977 fuerit
1010 1926 1062 1978 in
1120 1927 1396 1978 defectione
1469 1931 1672 1994 propter
1740 1929 2038 1982 desiderium

225 2014 428 2064 uidendi
463 2014 757 2078 propatoris
800 2013 964 2063 extitit
993 2016 1246 2078 praeterea
1275 2014 1552 2064 Heracleon
1586 2014 1710 2064 alter
1738 2016 2041 2077 haereticus,

226 2100 310 2164 qui
348 2114 462 2149 cum
500 2099 763 2149 Valenti-no
802 2099 940 2163 paria
979 2099 1145 2152 sentit.
1188 2099 1276 2149 sed
1313 2100 1537 2150 nouitate
1578 2101 1790 2164 quadam
1827 2118 2034 2166 pronun-

223 2184 448 2234 tiationis
493 2185 609 2234 uult
658 2184 815 2234 uideri
865 2185 987 2234 alias
1035 2185 1233 2234 sentire.
1273 2185 1546 2234 introducit
1594 2187 1723 2235 enim
1769 2187 1817 2236 in
1864 2187 2041 2251 primis

363 2366 517 2420 4-20]
552 2365 601 2407 cf.
636 2366 739 2408 [ren.
773 2366 794 2407 1
825 2367 863 2418 7,
894 2367 918 2407 2
952 2368 995 2407 et
1024 2365 1179 2420 Epiph.
1212 2366 1280 2408 31.
1311 2367 1348 2407 7.
1479 2367 1688 2420 20-222,
1721 2367 1762 2421 3]
1796 2367 1848 2409 cf.
1879 2368 2037 2423 Epiph.

224 2437 291 2486 36,
323 2438 363 2479 2.
392 2436 574 2479 Philast.
607 2450 696 2491 cap.
728 2438 796 2479 41.

281 2578 300 2618 1
330 2576 666 2619 contristandum
682 2577 730 2619 F
810 2577 1028 2619 suadendo
1046 2576 1252 2626 PNFR¹‚
1279 2577 1469 2619 sudando
1487 2577 1549 2620 R³
1563 2578 1715 2632 Μαῖρα
1733 2578 1838 2620 mihi
1862 2579 2035 2620 omnino

225 2648 448 2690 abundare
470 2648 645 2690 uidetur
667 2648 745 2690 hoc
774 2649 1004 2691 membrum
1034 2650 1106 2703 (ef.
1141 2651 1249 2701 220,
1280 2651 1490 2702 16—13);
1519 2649 1832 2702 interpolatum
1861 2651 2038 2692 uidetur

224 2732 275 2761 ex
304 2720 488 2761 Irenaeo
509 2719 541 2760 I
563 2722 604 2772 4,
632 2722 670 2761 4.
789 2733 837 2761 ex
865 2732 1023 2774 pauore
1047 2718 1145 2773 ΡΝ,
1179 2733 1385 2773 exponere
1410 2719 1457 2760 F
1539 2720 1562 2760 2
1596 2727 1639 2761 et
1667 2721 1912 2774 ignorantia
1935 2721 2034 2769 ΡΝ,

221 2790 507 2843 ignorantiam
529 2790 577 2831 F
659 2790 683 2832 3
706 2789 925 2831 humidam
948 2790 996 2831 F
1078 2792 1101 2831 5
1128 2791 1198 2844 qui
1225 2792 1290 2831 est
1309 2790 1408 2844 ΡΝ,
1435 2804 1558 2844 quem
1581 2790 1627 2831 F
1737 2792 1891 2845 bythos
1914 2792 2033 2841 NR&

222 2861 343 2902 biton
383 2861 436 2913 F,
473 2861 654 2915 bythion
690 2861 733 2902 P
860 2861 1143 2903 substantiam
1175 2861 1220 2902 F
1315 2863 1338 2903 9
1370 2862 1495 2902 huius
1527 2862 1662 2903 carnis
1700 2865 1832 2915 negat
1862 2882 1913 2897 =
1945 2876 2034 2905 non

222 2932 353 2973 huius
369 2933 516 2973 carnis
533 2932 639 2974 dicit
656 2933 776 2983 (olim
790 2933 915 2974 uolui
929 2933 1127 2974 rescribi:
1145 2931 1220 2974 sed
1237 2933 1412 2974 alterius
1427 2932 1608 2985 (dicit.)
1622 2934 1676 2986 cf.
1693 2936 1791 2986 215,
1813 2935 1854 2984 5>
1928 2934 2032 2975 alte-

224 3004 333 3044 erius
356 3003 466 3057 legis
489 3004 629 3057 uulyo·
652 2989 742 3057 (sed
764 3004 817 3056 cf.
839 3003 1063 3058 Epiphan.
1088 3004 1115 3045 l.
1141 3018 1198 3046 c.:
1225 3004 1281 3059 μὴ
1306 3005 1350 3044 τὸ
1376 3010 1497 3060 σῶμα
1519 3009 1636 3045 τοῦτο
1663 3003 1920 3054 ἀνίστασθαι,
1946 3004 2022 3044 ἀλλ

224 3074 358 3129 ἕτερον
384 3072 426 3121 ἐξ
450 3073 587 3125 αὐτοῦ,
620 3072 640 3114 ὃ
665 3074 715 3129 δὴ
740 3066 1006 3130 πνευμάτικὸν
1030 3074 1215 3128 καλοῦσι)
1304 3076 1355 3116 10
1379 3075 1586 3129 quaedam
1617 3076 1818 3131 inprobat
1839 3076 1882 3116 P
1909 3078 2033 3129 (corr.

222 3158 275 3184 m.
306 3148 347 3196 1)
438 3146 488 3187 12
527 3148 696 3200 praeter
732 3146 838 3187 haec
870 3147 1015 3187 nostra
1045 3146 1142 3194 ΡΝ,
1173 3149 1348 3200 propter
1377 3150 1523 3188 nostra
1552 3145 1600 3186 F
1709 3147 1947 3200 ptolomeus
1978 3146 2032 3199 F,

221 3215 491 3257 tholomaeus
507 3216 601 3258 ΡΝ
654 3217 705 3259 15
723 3216 978 3265 finxissetR,
995 3216 1209 3258 fixissetP
1223 3217 1347 3271 (corr.
1362 3217 1488 3269 R)N‚
1505 3217 1610 3258 ficus
1628 3216 1730 3258 etF
1785 3218 1834 3258 16
1853 3220 2035 3270 quatuor

221 3286 360 3327 Pam:
386 3289 480 3328 octo
498 3287 622 3329 ΡΝΕ
701 3288 753 3330 18
775 3287 1041 3329 triacontada
1060 3288 1157 3337 ΡΝ,
1174 3288 1440 3329 triacontade
1457 3287 1504 3328 F
1576 3289 1626 3329 19
1652 3288 1891 3330 defectione
1907 3288 2034 3342 Eny:

222 3357 506 3399 defectionem
537 3359 673 3399 PNF
755 3360 808 3400 22
840 3359 944 3400 alias
974 3358 1117 3408 PNF‚
1150 3358 1234 3400 alia
1263 3359 1306 3402 R
1328 3359 1459 3412 uulyo
1574 3359 1681 3400 illud
1710 3359 1904 3414 inprimis
1933 3359 1981 3400 F
