<?xml version="1.0" encoding="UTF-8"?>
<!DOCTYPE html PUBLIC "-//W3C//DTD XHTML 1.0 Transitional//EN"
    "http://www.w3.org/TR/xhtml1/DTD/xhtml1-transitional.dtd">
<html xmlns="http://www.w3.org/1999/xhtml" xml:lang="en" lang="en">
 <head>
  <title>
</title>
<meta http-equiv="Content-Type" content="text/html;charset=utf-8" />
  <meta name='ocr-system' content='tesseract 3.04.00' />
  <meta name='ocr-capabilities' content='ocr_page ocr_carea ocr_par ocr_line ocrx_word'/>
</head>
<body>
  <div class='ocr_page' id='page_1' title='image "./quintiseptimiflo47tertuoft_0133.png"; bbox 0 0 2248 3646; ppageno 0'>
   <div class='ocr_carea' id='block_1_1' title="bbox 551 284 1969 337">
    <p class='ocr_par' dir='ltr' id='par_1_1' title="bbox 551 284 1969 337">
     <span class='ocr_line' id='line_1_1' title="bbox 551 284 1969 337; baseline 0.001 -12"><span class='ocrx_word' id='word_1_1' title='bbox 551 284 606 328; x_wconf 86' lang='lat'>11.</span> <span class='ocrx_word' id='word_1_2' title='bbox 641 286 710 326; x_wconf 89' lang='lat' dir='ltr'>De</span> <span class='ocrx_word' id='word_1_3' title='bbox 744 284 925 327; x_wconf 81' lang='lat' dir='ltr'>Carnis</span> <span class='ocrx_word' id='word_1_4' title='bbox 955 286 1368 328; x_wconf 83' lang='lat' dir='ltr'>Resurrectione</span> <span class='ocrx_word' id='word_1_5' title='bbox 1399 286 1579 327; x_wconf 82' lang='lat'>45--46.</span> <span class='ocrx_word' id='word_1_6' title='bbox 1903 289 1969 337; x_wconf 84' lang='lat'>93</span> 
     </span>
    </p>
   </div>
   <div class='ocr_carea' id='block_1_2' title="bbox 90 440 1972 3062">
    <p class='ocr_par' dir='ltr' id='par_1_2' title="bbox 161 440 1972 760">
     <span class='ocr_line' id='line_1_2' title="bbox 162 440 1972 508; baseline -0.002 -14"><span class='ocrx_word' id='word_1_7' title='bbox 162 443 431 502; x_wconf 87' lang='lat' dir='ltr'>inuicem,</span> <span class='ocrx_word' id='word_1_8' title='bbox 473 442 633 490; x_wconf 83' lang='lat' dir='ltr'>sicut</span> <span class='ocrx_word' id='word_1_9' title='bbox 664 444 722 490; x_wconf 90' lang='lat' dir='ltr'>et</span> <span class='ocrx_word' id='word_1_10' title='bbox 762 441 903 490; x_wconf 88' lang='lat' dir='ltr'>deus</span> <span class='ocrx_word' id='word_1_11' title='bbox 944 441 1115 491; x_wconf 88' lang='lat' dir='ltr'>uobis</span> <span class='ocrx_word' id='word_1_12' title='bbox 1150 441 1398 490; x_wconf 87' lang='lat' dir='ltr'>donauit</span> <span class='ocrx_word' id='word_1_13' title='bbox 1434 442 1487 489; x_wconf 92' lang='lat' dir='ltr'>in</span> <span class='ocrx_word' id='word_1_14' title='bbox 1523 440 1777 491; x_wconf 83' lang='lat' dir='ltr'>Christo.</span> <span class='ocrx_word' id='word_1_15' title='bbox 1815 442 1972 508; x_wconf 83' lang='lat' dir='ltr'>igitur</span> 
     </span>
     <span class='ocr_line' id='line_1_3' title="bbox 165 525 1970 593; baseline -0.002 -16"><span class='ocrx_word' id='word_1_16' title='bbox 165 529 248 593; x_wconf 91' lang='lat' dir='ltr'>qui</span> <span class='ocrx_word' id='word_1_17' title='bbox 294 542 487 576; x_wconf 88' lang='lat' dir='ltr'>carnem</span> <span class='ocrx_word' id='word_1_18' title='bbox 538 529 759 576; x_wconf 89' lang='lat' dir='ltr'>ueterem</span> <span class='ocrx_word' id='word_1_19' title='bbox 812 526 1063 575; x_wconf 88' lang='lat' dir='ltr'>hominem</span> <span class='ocrx_word' id='word_1_20' title='bbox 1117 525 1418 585; x_wconf 82' lang='lat' dir='ltr'>existimant,</span> <span class='ocrx_word' id='word_1_21' title='bbox 1474 541 1562 575; x_wconf 87' lang='lat' dir='ltr'>cur</span> <span class='ocrx_word' id='word_1_22' title='bbox 1613 542 1708 576; x_wconf 90' lang='lat' dir='ltr'>non</span> <span class='ocrx_word' id='word_1_23' title='bbox 1760 531 1970 577; x_wconf 87' lang='lat' dir='ltr'>mortem</span> 
     </span>
     <span class='ocr_line' id='line_1_4' title="bbox 161 610 1969 677; baseline -0.002 -13"><span class='ocrx_word' id='word_1_24' title='bbox 161 614 254 664; x_wconf 89' lang='lat' dir='ltr'>sibi</span> <span class='ocrx_word' id='word_1_25' title='bbox 291 614 570 677; x_wconf 88' lang='lat' dir='ltr'>properant,</span> <span class='ocrx_word' id='word_1_26' title='bbox 610 616 667 660; x_wconf 90' lang='lat' dir='ltr'>ut</span> <span class='ocrx_word' id='word_1_27' title='bbox 704 614 872 667; x_wconf 86' lang='lat' dir='ltr'>uetere</span> <span class='ocrx_word' id='word_1_28' title='bbox 916 610 1117 660; x_wconf 89' lang='lat' dir='ltr'>homine</span> <span class='ocrx_word' id='word_1_29' title='bbox 1157 610 1383 675; x_wconf 88' lang='lat' dir='ltr'>deposito</span> <span class='ocrx_word' id='word_1_30' title='bbox 1430 612 1707 675; x_wconf 73' lang='lat' dir='ltr'>praeceptis</span> <span class='ocrx_word' id='word_1_31' title='bbox 1755 613 1969 675; x_wconf 87' lang='lat' dir='ltr'>apostoli</span> 
     </span>
     <span class='ocr_line' id='line_1_5' title="bbox 162 696 1969 760; baseline -0.002 -11"><span class='ocrx_word' id='word_1_32' title='bbox 162 700 450 749; x_wconf 80' lang='lat' dir='ltr'>occurrant?</span> <span class='ocrx_word' id='word_1_33' title='bbox 481 712 570 747; x_wconf 88' lang='lat' dir='ltr'>nos</span> <span class='ocrx_word' id='word_1_34' title='bbox 603 697 750 755; x_wconf 89' lang='lat' dir='ltr'>enim,</span> <span class='ocrx_word' id='word_1_35' title='bbox 784 697 867 760; x_wconf 91' lang='lat' dir='ltr'>qui</span> <span class='ocrx_word' id='word_1_36' title='bbox 898 698 1056 746; x_wconf 80' lang='lat' dir='ltr'>totam</span> <span class='ocrx_word' id='word_1_37' title='bbox 1087 696 1234 745; x_wconf 87' lang='lat' dir='ltr'>fidem</span> <span class='ocrx_word' id='word_1_38' title='bbox 1267 696 1317 744; x_wconf 90' lang='lat' dir='ltr'>in</span> <span class='ocrx_word' id='word_1_39' title='bbox 1350 710 1492 745; x_wconf 90' lang='lat' dir='ltr'>carne</span> <span class='ocrx_word' id='word_1_40' title='bbox 1525 696 1969 747; x_wconf 69' lang='lat' dir='ltr'>administrandam</span> 
     </span>
    </p>

    <p class='ocr_par' dir='ltr' id='par_1_3' title="bbox 113 781 1972 1187">
     <span class='ocr_line' id='line_1_6' title="bbox 113 781 1970 846; baseline -0.002 -12"><span class='ocrx_word' id='word_1_41' title='bbox 113 803 132 834; x_wconf 83' lang='lat'><strong>5</strong></span> <span class='ocrx_word' id='word_1_42' title='bbox 162 784 425 843; x_wconf 87' lang='lat' dir='ltr'>credimus,</span> <span class='ocrx_word' id='word_1_43' title='bbox 465 782 616 831; x_wconf 88' lang='lat' dir='ltr'>immo</span> <span class='ocrx_word' id='word_1_44' title='bbox 658 786 706 830; x_wconf 82' lang='lat' dir='ltr'>et</span> <span class='ocrx_word' id='word_1_45' title='bbox 743 797 830 845; x_wconf 86' lang='lat' dir='ltr'>per</span> <span class='ocrx_word' id='word_1_46' title='bbox 868 796 1078 839; x_wconf 87' lang='lat' dir='ltr'>carnem,</span> <span class='ocrx_word' id='word_1_47' title='bbox 1127 781 1271 830; x_wconf 89' lang='lat' dir='ltr'>cuius</span> <span class='ocrx_word' id='word_1_48' title='bbox 1310 785 1389 830; x_wconf 83' lang='lat' dir='ltr'>est</span> <span class='ocrx_word' id='word_1_49' title='bbox 1428 784 1478 831; x_wconf 88' lang='lat' dir='ltr'>et</span> <span class='ocrx_word' id='word_1_50' title='bbox 1523 797 1577 831; x_wconf 92' lang='lat' dir='ltr'>os</span> <span class='ocrx_word' id='word_1_51' title='bbox 1619 782 1685 830; x_wconf 84' lang='lat' dir='ltr'>ad·</span> <span class='ocrx_word' id='word_1_52' title='bbox 1723 782 1970 846; x_wconf 86' lang='lat' dir='ltr'>proferen-</span> 
     </span>
     <span class='ocr_line' id='line_1_7' title="bbox 161 866 1971 932; baseline -0.002 -13"><span class='ocrx_word' id='word_1_53' title='bbox 161 869 275 919; x_wconf 88' lang='lat' dir='ltr'>dum</span> <span class='ocrx_word' id='word_1_54' title='bbox 316 867 560 932; x_wconf 88' lang='lat' dir='ltr'>optimum</span> <span class='ocrx_word' id='word_1_55' title='bbox 600 882 846 930; x_wconf 80' lang='lat' dir='ltr'>quemque</span> <span class='ocrx_word' id='word_1_56' title='bbox 886 881 1160 915; x_wconf 85' lang='lat' dir='ltr'>sermonem</span> <span class='ocrx_word' id='word_1_57' title='bbox 1200 868 1249 916; x_wconf 84' lang='lat' dir='ltr'>et</span> <span class='ocrx_word' id='word_1_58' title='bbox 1297 866 1469 931; x_wconf 83' lang='lat' dir='ltr'>lingua</span> <span class='ocrx_word' id='word_1_59' title='bbox 1507 866 1567 915; x_wconf 85' lang='lat' dir='ltr'>ad</span> <span class='ocrx_word' id='word_1_60' title='bbox 1606 882 1701 917; x_wconf 88' lang='lat' dir='ltr'>non</span> <span class='ocrx_word' id='word_1_61' title='bbox 1741 867 1971 931; x_wconf 88' lang='lat' dir='ltr'>blasphe-</span> 
     </span>
     <span class='ocr_line' id='line_1_8' title="bbox 158 952 1967 1017; baseline -0.002 -13"><span class='ocrx_word' id='word_1_62' title='bbox 158 953 391 1004; x_wconf 87' lang='lat' dir='ltr'>mandum</span> <span class='ocrx_word' id='word_1_63' title='bbox 433 955 482 1002; x_wconf 90' lang='lat' dir='ltr'>et</span> <span class='ocrx_word' id='word_1_64' title='bbox 520 967 603 1002; x_wconf 88' lang='lat' dir='ltr'>cor</span> <span class='ocrx_word' id='word_1_65' title='bbox 641 952 701 1002; x_wconf 88' lang='lat' dir='ltr'>ad</span> <span class='ocrx_word' id='word_1_66' title='bbox 738 967 833 1002; x_wconf 88' lang='lat' dir='ltr'>non</span> <span class='ocrx_word' id='word_1_67' title='bbox 872 952 1232 1017; x_wconf 86' lang='lat' dir='ltr'>indignandum</span> <span class='ocrx_word' id='word_1_68' title='bbox 1269 956 1319 1002; x_wconf 88' lang='lat' dir='ltr'>et</span> <span class='ocrx_word' id='word_1_69' title='bbox 1349 968 1525 1001; x_wconf 83' lang='lat' dir='ltr'>manus</span> <span class='ocrx_word' id='word_1_70' title='bbox 1567 952 1627 1002; x_wconf 88' lang='lat' dir='ltr'>ad</span> <span class='ocrx_word' id='word_1_71' title='bbox 1666 953 1967 1015; x_wconf 89' lang='lat' dir='ltr'>operandum</span> 
     </span>
     <span class='ocr_line' id='line_1_9' title="bbox 161 1033 1972 1103; baseline -0.001 -14"><span class='ocrx_word' id='word_1_72' title='bbox 161 1043 210 1089; x_wconf 90' lang='lat' dir='ltr'>et</span> <span class='ocrx_word' id='word_1_73' title='bbox 251 1038 579 1103; x_wconf 87' lang='lat' dir='ltr'>largiendum,</span> <span class='ocrx_word' id='word_1_74' title='bbox 626 1040 727 1087; x_wconf 85' lang='lat' dir='ltr'>tam</span> <span class='ocrx_word' id='word_1_75' title='bbox 775 1040 1083 1087; x_wconf 89' lang='lat' dir='ltr'>uetustatem</span> <span class='ocrx_word' id='word_1_76' title='bbox 1130 1038 1346 1087; x_wconf 89' lang='lat' dir='ltr'>hominis</span> <span class='ocrx_word' id='word_1_77' title='bbox 1395 1053 1541 1101; x_wconf 89' lang='lat' dir='ltr'>quam</span> <span class='ocrx_word' id='word_1_78' title='bbox 1587 1033 1863 1087; x_wconf 82' lang='lat' dir='ltr'>nouitatem</span> <span class='ocrx_word' id='word_1_79' title='bbox 1911 1038 1972 1087; x_wconf 86' lang='lat' dir='ltr'>ad</span> 
     </span>
     <span class='ocr_line' id='line_1_10' title="bbox 160 1122 1971 1187; baseline -0.001 -14"><span class='ocrx_word' id='word_1_80' title='bbox 160 1125 412 1183; x_wconf 82' lang='lat' dir='ltr'>moralem,</span> <span class='ocrx_word' id='word_1_81' title='bbox 458 1139 554 1172; x_wconf 91' lang='lat' dir='ltr'>non</span> <span class='ocrx_word' id='word_1_82' title='bbox 593 1122 654 1171; x_wconf 88' lang='lat' dir='ltr'>ad</span> <span class='ocrx_word' id='word_1_83' title='bbox 693 1122 1090 1172; x_wconf 73' lang='lat' dir='ltr'>substantialem.</span> <span class='ocrx_word' id='word_1_84' title='bbox 1140 1123 1469 1172; x_wconf 86' lang='lat' dir='ltr'>differentiam</span> <span class='ocrx_word' id='word_1_85' title='bbox 1516 1122 1759 1187; x_wconf 83' lang='lat' dir='ltr'>pertinere</span> <span class='ocrx_word' id='word_1_86' title='bbox 1807 1123 1971 1172; x_wconf 87' lang='lat' dir='ltr'>defen-</span> 
     </span>
    </p>

    <p class='ocr_par' dir='ltr' id='par_1_4' title="bbox 92 1206 1969 1613">
     <span class='ocr_line' id='line_1_11' title="bbox 92 1206 1969 1272; baseline -0.002 -13"><span class='ocrx_word' id='word_1_87' title='bbox 92 1228 132 1260; x_wconf 89' lang='lat'>10</span> <span class='ocrx_word' id='word_1_88' title='bbox 162 1209 340 1258; x_wconf 86' lang='lat' dir='ltr'>dimus.</span> <span class='ocrx_word' id='word_1_89' title='bbox 377 1211 524 1271; x_wconf 87' lang='lat' dir='ltr'>atque</span> <span class='ocrx_word' id='word_1_90' title='bbox 561 1207 633 1256; x_wconf 81' lang='lat' dir='ltr'>ita</span> <span class='ocrx_word' id='word_1_91' title='bbox 677 1207 860 1270; x_wconf 88' lang='lat' dir='ltr'>pariter</span> <span class='ocrx_word' id='word_1_92' title='bbox 898 1207 1218 1272; x_wconf 80' lang='lat' dir='ltr'>agnoscimus</span> <span class='ocrx_word' id='word_1_93' title='bbox 1258 1206 1529 1263; x_wconf 83' lang='lat' dir='ltr'>hominem,</span> <span class='ocrx_word' id='word_1_94' title='bbox 1570 1207 1652 1271; x_wconf 89' lang='lat' dir='ltr'>qui</span> <span class='ocrx_word' id='word_1_95' title='bbox 1692 1207 1969 1256; x_wconf 87' lang='lat' dir='ltr'>secundum</span> 
     </span>
     <span class='ocr_line' id='line_1_12' title="bbox 159 1292 1969 1359; baseline -0.001 -16"><span class='ocrx_word' id='word_1_96' title='bbox 159 1295 419 1359; x_wconf 72' lang='lat' dir='ltr'>pristinam</span> <span class='ocrx_word' id='word_1_97' title='bbox 467 1293 894 1343; x_wconf 88' lang='lat' dir='ltr'>conuersationem</span> <span class='ocrx_word' id='word_1_98' title='bbox 941 1295 1091 1342; x_wconf 91' lang='lat' dir='ltr'>uetus</span> <span class='ocrx_word' id='word_1_99' title='bbox 1138 1293 1305 1352; x_wconf 83' lang='lat' dir='ltr'>fuerit,</span> <span class='ocrx_word' id='word_1_100' title='bbox 1361 1292 1570 1342; x_wconf 88' lang='lat' dir='ltr'>eundem</span> <span class='ocrx_word' id='word_1_101' title='bbox 1619 1294 1668 1341; x_wconf 86' lang='lat' dir='ltr'>et</span> <span class='ocrx_word' id='word_1_102' title='bbox 1719 1293 1969 1356; x_wconf 87' lang='lat' dir='ltr'>corrumpi</span> 
     </span>
     <span class='ocr_line' id='line_1_13' title="bbox 158 1377 1967 1441; baseline -0.002 -12"><span class='ocrx_word' id='word_1_103' title='bbox 158 1381 229 1429; x_wconf 86' lang='lat' dir='ltr'>ita</span> <span class='ocrx_word' id='word_1_104' title='bbox 273 1378 462 1428; x_wconf 88' lang='lat' dir='ltr'>dictum</span> <span class='ocrx_word' id='word_1_105' title='bbox 517 1378 792 1428; x_wconf 89' lang='lat' dir='ltr'>secundum</span> <span class='ocrx_word' id='word_1_106' title='bbox 847 1378 1300 1441; x_wconf 77' lang='lat' dir='ltr'>concupiscentiam</span> <span class='ocrx_word' id='word_1_107' title='bbox 1357 1377 1680 1438; x_wconf 83' lang='lat' dir='ltr'>seductionis,</span> <span class='ocrx_word' id='word_1_108' title='bbox 1735 1378 1967 1441; x_wconf 88' lang='lat' dir='ltr'>quemad-</span> 
     </span>
     <span class='ocr_line' id='line_1_14' title="bbox 160 1463 1969 1526; baseline -0.001 -12"><span class='ocrx_word' id='word_1_109' title='bbox 160 1465 360 1514; x_wconf 91' lang='lat' dir='ltr'>modum</span> <span class='ocrx_word' id='word_1_110' title='bbox 402 1466 452 1514; x_wconf 93' lang='lat' dir='ltr'>et</span> <span class='ocrx_word' id='word_1_111' title='bbox 487 1466 709 1513; x_wconf 88' lang='lat' dir='ltr'>ueterem</span> <span class='ocrx_word' id='word_1_112' title='bbox 749 1463 1021 1513; x_wconf 89' lang='lat' dir='ltr'>secundum</span> <span class='ocrx_word' id='word_1_113' title='bbox 1068 1463 1328 1526; x_wconf 87' lang='lat' dir='ltr'>pristinam</span> <span class='ocrx_word' id='word_1_114' title='bbox 1379 1463 1826 1523; x_wconf 87' lang='lat' dir='ltr'>conuersationem,</span> <span class='ocrx_word' id='word_1_115' title='bbox 1873 1479 1969 1512; x_wconf 91' lang='lat' dir='ltr'>non</span> 
     </span>
     <span class='ocr_line' id='line_1_15' title="bbox 161 1549 1969 1613; baseline -0.002 -12"><span class='ocrx_word' id='word_1_116' title='bbox 161 1550 434 1601; x_wconf 88' lang='lat' dir='ltr'>secundum</span> <span class='ocrx_word' id='word_1_117' title='bbox 488 1563 681 1598; x_wconf 90' lang='lat' dir='ltr'>carnem</span> <span class='ocrx_word' id='word_1_118' title='bbox 737 1564 823 1612; x_wconf 87' lang='lat' dir='ltr'>per</span> <span class='ocrx_word' id='word_1_119' title='bbox 876 1549 1130 1598; x_wconf 81' lang='lat' dir='ltr'>interitum</span> <span class='ocrx_word' id='word_1_120' title='bbox 1186 1552 1497 1613; x_wconf 85' lang='lat' dir='ltr'>perpetuum.</span> <span class='ocrx_word' id='word_1_121' title='bbox 1553 1552 1771 1598; x_wconf 83' lang='lat' dir='ltr'>ceterum</span> <span class='ocrx_word' id='word_1_122' title='bbox 1826 1564 1969 1598; x_wconf 86' lang='lat' dir='ltr'>carne</span> 
     </span>
    </p>

    <p class='ocr_par' dir='ltr' id='par_1_5' title="bbox 93 1634 1966 1783">
     <span class='ocr_line' id='line_1_16' title="bbox 93 1634 1966 1698; baseline -0.001 -14"><span class='ocrx_word' id='word_1_123' title='bbox 93 1654 132 1684; x_wconf 84' lang='lat'>15</span> <span class='ocrx_word' id='word_1_124' title='bbox 160 1639 261 1685; x_wconf 89' lang='lat' dir='ltr'>tam</span> <span class='ocrx_word' id='word_1_125' title='bbox 301 1636 497 1683; x_wconf 90' lang='lat' dir='ltr'>saluum</span> <span class='ocrx_word' id='word_1_126' title='bbox 538 1650 685 1698; x_wconf 90' lang='lat' dir='ltr'>quam</span> <span class='ocrx_word' id='word_1_127' title='bbox 727 1634 951 1692; x_wconf 73' lang='lat' dir='ltr'>eundem,</span> <span class='ocrx_word' id='word_1_128' title='bbox 999 1638 1174 1697; x_wconf 86' lang='lat' dir='ltr'>utpote</span> <span class='ocrx_word' id='word_1_129' title='bbox 1214 1635 1450 1683; x_wconf 74' lang='lat' dir='ltr'>uitiosam</span> <span class='ocrx_word' id='word_1_130' title='bbox 1493 1634 1824 1698; x_wconf 79' lang='lat' dir='ltr'>disciplinam,</span> <span class='ocrx_word' id='word_1_131' title='bbox 1872 1649 1966 1682; x_wconf 89' lang='lat' dir='ltr'>non</span> 
     </span>
     <span class='ocr_line' id='line_1_17' title="bbox 164 1720 796 1783; baseline 0 -14"><span class='ocrx_word' id='word_1_132' title='bbox 164 1720 538 1783; x_wconf 86' lang='lat' dir='ltr'>corpulentiam.</span> <span class='ocrx_word' id='word_1_133' title='bbox 579 1722 796 1769; x_wconf 80' lang='lat' dir='ltr'>exutum.</span> 
     </span>
    </p>

    <p class='ocr_par' dir='ltr' id='par_1_6' title="bbox 158 1804 1970 2039">
     <span class='ocr_line' id='line_1_18' title="bbox 234 1804 1970 1869; baseline -0.002 -14"><span class='ocrx_word' id='word_1_134' title='bbox 234 1807 313 1855; x_wconf 81' lang='lat'>46.</span> <span class='ocrx_word' id='word_1_135' title='bbox 350 1805 520 1854; x_wconf 89' lang='lat' dir='ltr'>Talem</span> <span class='ocrx_word' id='word_1_136' title='bbox 559 1805 746 1868; x_wconf 84' lang='lat' dir='ltr'>ubique</span> <span class='ocrx_word' id='word_1_137' title='bbox 787 1804 1067 1868; x_wconf 81' lang='lat' dir='ltr'>apostolum</span> <span class='ocrx_word' id='word_1_138' title='bbox 1115 1819 1460 1869; x_wconf 61' lang='lat' dir='ltr'>recognoscas</span> <span class='ocrx_word' id='word_1_139' title='bbox 1506 1805 1578 1853; x_wconf 87' lang='lat' dir='ltr'>ita</span> <span class='ocrx_word' id='word_1_140' title='bbox 1623 1805 1783 1853; x_wconf 85' lang='lat' dir='ltr'>carnis</span> <span class='ocrx_word' id='word_1_141' title='bbox 1824 1819 1970 1867; x_wconf 89' lang='lat' dir='ltr'>opera</span> 
     </span>
     <span class='ocr_line' id='line_1_19' title="bbox 158 1889 1967 1951; baseline -0.001 -12"><span class='ocrx_word' id='word_1_142' title='bbox 158 1890 489 1948; x_wconf 74' lang='lat' dir='ltr'>damnantem,</span> <span class='ocrx_word' id='word_1_143' title='bbox 536 1892 595 1939; x_wconf 91' lang='lat' dir='ltr'>ut</span> <span class='ocrx_word' id='word_1_144' title='bbox 640 1905 834 1939; x_wconf 87' lang='lat' dir='ltr'>carnem</span> <span class='ocrx_word' id='word_1_145' title='bbox 884 1889 1115 1939; x_wconf 89' lang='lat' dir='ltr'>damnare</span> <span class='ocrx_word' id='word_1_146' title='bbox 1169 1889 1419 1947; x_wconf 82' lang='lat' dir='ltr'>uideatur,</span> <span class='ocrx_word' id='word_1_147' title='bbox 1474 1889 1575 1951; x_wconf 87' lang='lat' dir='ltr'>sed,</span> <span class='ocrx_word' id='word_1_148' title='bbox 1629 1905 1687 1938; x_wconf 91' lang='lat' dir='ltr'>ne</span> <span class='ocrx_word' id='word_1_149' title='bbox 1740 1890 1811 1938; x_wconf 82' lang='lat' dir='ltr'>ita</span> <span class='ocrx_word' id='word_1_150' title='bbox 1856 1890 1967 1951; x_wconf 86' lang='lat' dir='ltr'>quis</span> 
     </span>
     <span class='ocr_line' id='line_1_20' title="bbox 158 1975 1967 2039; baseline -0.002 -13"><span class='ocrx_word' id='word_1_151' title='bbox 158 1977 420 2035; x_wconf 86' lang='lat' dir='ltr'>existimet,</span> <span class='ocrx_word' id='word_1_152' title='bbox 441 1992 495 2024; x_wconf 86' lang='lat' dir='ltr'>ex</span> <span class='ocrx_word' id='word_1_153' title='bbox 515 1976 725 2024; x_wconf 89' lang='lat' dir='ltr'>aliorum</span> <span class='ocrx_word' id='word_1_154' title='bbox 751 1976 832 2024; x_wconf 92' lang='lat' dir='ltr'>uel</span> <span class='ocrx_word' id='word_1_155' title='bbox 858 1975 1231 2025; x_wconf 86' lang='lat' dir='ltr'>cohaerentium</span> <span class='ocrx_word' id='word_1_156' title='bbox 1252 1991 1488 2024; x_wconf 89' lang='lat' dir='ltr'>sensuum</span> <span class='ocrx_word' id='word_1_157' title='bbox 1520 1976 1765 2039; x_wconf 81' lang='lat' dir='ltr'>suggestu</span> <span class='ocrx_word' id='word_1_158' title='bbox 1791 1989 1967 2038; x_wconf 89' lang='lat' dir='ltr'>procu—</span> 
     </span>
    </p>

    <p class='ocr_par' dir='ltr' id='par_1_7' title="bbox 90 2061 1968 2465">
     <span class='ocr_line' id='line_1_21' title="bbox 90 2061 1963 2125; baseline -0.002 -14"><span class='ocrx_word' id='word_1_159' title='bbox 90 2079 128 2109; x_wconf 81' lang='lat'>20</span> <span class='ocrx_word' id='word_1_160' title='bbox 158 2065 360 2112; x_wconf 89' lang='lat' dir='ltr'>rantem.</span> <span class='ocrx_word' id='word_1_161' title='bbox 399 2077 511 2111; x_wconf 89' lang='lat' dir='ltr'>nam</span> <span class='ocrx_word' id='word_1_162' title='bbox 553 2064 602 2110; x_wconf 87' lang='lat' dir='ltr'>et</span> <span class='ocrx_word' id='word_1_163' title='bbox 633 2061 802 2111; x_wconf 84' lang='lat' dir='ltr'>dicens</span> <span class='ocrx_word' id='word_1_164' title='bbox 842 2077 940 2119; x_wconf 65' lang='grc' dir='ltr'>θος,</span> <span class='ocrx_word' id='word_1_165' title='bbox 984 2061 1067 2124; x_wconf 90' lang='lat' dir='ltr'>qui</span> <span class='ocrx_word' id='word_1_166' title='bbox 1106 2062 1154 2110; x_wconf 91' lang='lat' dir='ltr'>in</span> <span class='ocrx_word' id='word_1_167' title='bbox 1190 2076 1331 2110; x_wconf 89' lang='lat' dir='ltr'>carne</span> <span class='ocrx_word' id='word_1_168' title='bbox 1371 2061 1486 2118; x_wconf 70' lang='lat' dir='ltr'>sint,</span> <span class='ocrx_word' id='word_1_169' title='bbox 1521 2061 1610 2110; x_wconf 88' lang='lat' dir='ltr'>deo</span> <span class='ocrx_word' id='word_1_170' title='bbox 1643 2061 1837 2125; x_wconf 87' lang='lat' dir='ltr'>placere</span> <span class='ocrx_word' id='word_1_171' title='bbox 1870 2075 1963 2107; x_wconf 85' lang='lat' dir='ltr'>non</span> 
     </span>
     <span class='ocr_line' id='line_1_22' title="bbox 157 2145 1963 2212; baseline -0.003 -15"><span class='ocrx_word' id='word_1_172' title='bbox 157 2163 302 2212; x_wconf 88' lang='lat' dir='ltr'>posse</span> <span class='ocrx_word' id='word_1_173' title='bbox 341 2148 510 2196; x_wconf 87' lang='lat' dir='ltr'>statim</span> <span class='ocrx_word' id='word_1_174' title='bbox 543 2147 602 2196; x_wconf 88' lang='lat' dir='ltr'>de</span> <span class='ocrx_word' id='word_1_175' title='bbox 635 2162 785 2211; x_wconf 87' lang='lat' dir='ltr'>prauo</span> <span class='ocrx_word' id='word_1_176' title='bbox 819 2147 1076 2196; x_wconf 86' lang='lat' dir='ltr'>intellectu</span> <span class='ocrx_word' id='word_1_177' title='bbox 1110 2146 1171 2196; x_wconf 87' lang='lat' dir='ltr'>ad</span> <span class='ocrx_word' id='word_1_178' title='bbox 1200 2146 1451 2211; x_wconf 82' lang='lat' dir='ltr'>integrum</span> <span class='ocrx_word' id='word_1_179' title='bbox 1485 2148 1691 2195; x_wconf 88' lang='lat' dir='ltr'>reuocat</span> <span class='ocrx_word' id='word_1_180' title='bbox 1721 2145 1963 2194; x_wconf 85' lang='lat' dir='ltr'>adiciens:</span> 
     </span>
     <span class='ocr_line' id='line_1_23' title="bbox 159 2230 1968 2294; baseline -0.002 -13"><span class='ocrx_word' id='word_1_181' title='bbox 159 2247 263 2281; x_wconf 91' lang='lat' dir='ltr'>uos</span> <span class='ocrx_word' id='word_1_182' title='bbox 303 2235 493 2281; x_wconf 88' lang='lat' dir='ltr'>autem</span> <span class='ocrx_word' id='word_1_183' title='bbox 535 2248 643 2282; x_wconf 90' lang='lat' dir='ltr'>non</span> <span class='ocrx_word' id='word_1_184' title='bbox 684 2232 833 2280; x_wconf 88' lang='lat' dir='ltr'>estis</span> <span class='ocrx_word' id='word_1_185' title='bbox 872 2232 926 2280; x_wconf 89' lang='lat' dir='ltr'>in</span> <span class='ocrx_word' id='word_1_186' title='bbox 968 2246 1136 2280; x_wconf 89' lang='lat' dir='ltr'>carne</span> <span class='ocrx_word' id='word_1_187' title='bbox 1185 2230 1285 2279; x_wconf 82' lang='lat' dir='ltr'>sed</span> <span class='ocrx_word' id='word_1_188' title='bbox 1336 2231 1390 2279; x_wconf 92' lang='lat' dir='ltr'>in</span> <span class='ocrx_word' id='word_1_189' title='bbox 1433 2230 1666 2294; x_wconf 73' lang='lat' dir='ltr'>spiritu</span> <span class='ocrx_word' id='word_1_190' title='bbox 1707 2246 1790 2279; x_wconf 89' lang='lat' dir='ltr'>eos</span> <span class='ocrx_word' id='word_1_191' title='bbox 1825 2230 1968 2291; x_wconf 87' lang='lat' dir='ltr'>enim,</span> 
     </span>
     <span class='ocr_line' id='line_1_24' title="bbox 161 2316 1966 2382; baseline -0.002 -16"><span class='ocrx_word' id='word_1_192' title='bbox 161 2331 282 2380; x_wconf 90' lang='lat' dir='ltr'>quos</span> <span class='ocrx_word' id='word_1_193' title='bbox 319 2317 368 2366; x_wconf 90' lang='lat' dir='ltr'>in</span> <span class='ocrx_word' id='word_1_194' title='bbox 408 2332 550 2367; x_wconf 88' lang='lat' dir='ltr'>carne</span> <span class='ocrx_word' id='word_1_195' title='bbox 583 2319 698 2366; x_wconf 66' lang='lat' dir='ltr'>‘esse</span> <span class='ocrx_word' id='word_1_196' title='bbox 739 2317 1013 2375; x_wconf 84' lang='lat' dir='ltr'>constabat,</span> <span class='ocrx_word' id='word_1_197' title='bbox 1059 2316 1285 2382; x_wconf 82' lang='lat' dir='ltr'>negando</span> <span class='ocrx_word' id='word_1_198' title='bbox 1333 2316 1379 2364; x_wconf 88' lang='lat' dir='ltr'>in</span> <span class='ocrx_word' id='word_1_199' title='bbox 1424 2330 1565 2364; x_wconf 87' lang='lat' dir='ltr'>carne</span> <span class='ocrx_word' id='word_1_200' title='bbox 1613 2331 1721 2365; x_wconf 89' lang='lat' dir='ltr'>esse</span> <span class='ocrx_word' id='word_1_201' title='bbox 1760 2316 1807 2364; x_wconf 89' lang='lat' dir='ltr'>in</span> <span class='ocrx_word' id='word_1_202' title='bbox 1856 2330 1966 2379; x_wconf 89' lang='lat' dir='ltr'>ope-</span> 
     </span>
     <span class='ocr_line' id='line_1_25' title="bbox 158 2401 1965 2465; baseline -0.001 -14"><span class='ocrx_word' id='word_1_203' title='bbox 158 2403 295 2452; x_wconf 89' lang='lat' dir='ltr'>ribus</span> <span class='ocrx_word' id='word_1_204' title='bbox 334 2403 494 2452; x_wconf 90' lang='lat' dir='ltr'>carnis</span> <span class='ocrx_word' id='word_1_205' title='bbox 532 2418 626 2452; x_wconf 90' lang='lat' dir='ltr'>non</span> <span class='ocrx_word' id='word_1_206' title='bbox 668 2418 776 2452; x_wconf 87' lang='lat' dir='ltr'>esse</span> <span class='ocrx_word' id='word_1_207' title='bbox 815 2403 1141 2461; x_wconf 76' lang='lat' dir='ltr'>monstrabat,</span> <span class='ocrx_word' id='word_1_208' title='bbox 1184 2406 1332 2465; x_wconf 89' lang='lat' dir='ltr'>atque</span> <span class='ocrx_word' id='word_1_209' title='bbox 1371 2401 1443 2450; x_wconf 86' lang='lat' dir='ltr'>ita</span> <span class='ocrx_word' id='word_1_210' title='bbox 1480 2401 1834 2453; x_wconf 81' lang='lat' dir='ltr'>illosdemum</span> <span class='ocrx_word' id='word_1_211' title='bbox 1875 2401 1965 2449; x_wconf 89' lang='lat' dir='ltr'>deo</span> 
     </span>
    </p>

    <p class='ocr_par' dir='ltr' id='par_1_8' title="bbox 91 2486 1970 2892">
     <span class='ocr_line' id='line_1_26' title="bbox 91 2486 1969 2552; baseline -0.001 -16"><span class='ocrx_word' id='word_1_212' title='bbox 91 2505 130 2536; x_wconf 81' lang='lat'>25</span> <span class='ocrx_word' id='word_1_213' title='bbox 159 2489 351 2552; x_wconf 84' lang='lat' dir='ltr'>placere</span> <span class='ocrx_word' id='word_1_214' title='bbox 389 2503 482 2537; x_wconf 86' lang='lat' dir='ltr'>non</span> <span class='ocrx_word' id='word_1_215' title='bbox 521 2503 683 2550; x_wconf 86' lang='lat' dir='ltr'>posse,</span> <span class='ocrx_word' id='word_1_216' title='bbox 722 2503 815 2537; x_wconf 90' lang='lat' dir='ltr'>non</span> <span class='ocrx_word' id='word_1_217' title='bbox 856 2488 940 2551; x_wconf 91' lang='lat' dir='ltr'>qui</span> <span class='ocrx_word' id='word_1_218' title='bbox 970 2487 1018 2536; x_wconf 89' lang='lat' dir='ltr'>in</span> <span class='ocrx_word' id='word_1_219' title='bbox 1053 2502 1196 2536; x_wconf 83' lang='lat' dir='ltr'>carne</span> <span class='ocrx_word' id='word_1_220' title='bbox 1229 2490 1413 2546; x_wconf 79' lang='lat' dir='ltr'>essent,</span> <span class='ocrx_word' id='word_1_221' title='bbox 1456 2486 1543 2536; x_wconf 91' lang='lat' dir='ltr'>sed</span> <span class='ocrx_word' id='word_1_222' title='bbox 1583 2487 1667 2549; x_wconf 89' lang='lat' dir='ltr'>qui</span> <span class='ocrx_word' id='word_1_223' title='bbox 1707 2486 1969 2535; x_wconf 86' lang='lat' dir='ltr'>carnaliter</span> 
     </span>
     <span class='ocr_line' id='line_1_27' title="bbox 160 2570 1963 2635; baseline -0.002 -14"><span class='ocrx_word' id='word_1_224' title='bbox 160 2573 400 2630; x_wconf 88' lang='lat' dir='ltr'>uiuerent,</span> <span class='ocrx_word' id='word_1_225' title='bbox 441 2572 631 2635; x_wconf 88' lang='lat' dir='ltr'>placere</span> <span class='ocrx_word' id='word_1_226' title='bbox 672 2574 837 2621; x_wconf 84' lang='lat' dir='ltr'>autem</span> <span class='ocrx_word' id='word_1_227' title='bbox 878 2572 968 2621; x_wconf 88' lang='lat' dir='ltr'>deo</span> <span class='ocrx_word' id='word_1_228' title='bbox 1006 2571 1140 2631; x_wconf 80' lang='lat' dir='ltr'>illos,</span> <span class='ocrx_word' id='word_1_229' title='bbox 1189 2572 1273 2635; x_wconf 87' lang='lat' dir='ltr'>qui</span> <span class='ocrx_word' id='word_1_230' title='bbox 1319 2572 1366 2619; x_wconf 90' lang='lat' dir='ltr'>in</span> <span class='ocrx_word' id='word_1_231' title='bbox 1408 2586 1549 2620; x_wconf 90' lang='lat' dir='ltr'>carne</span> <span class='ocrx_word' id='word_1_232' title='bbox 1596 2570 1747 2634; x_wconf 88' lang='lat' dir='ltr'>positi</span> <span class='ocrx_word' id='word_1_233' title='bbox 1793 2585 1963 2620; x_wconf 84' lang='lat' dir='ltr'>secun-</span> 
     </span>
     <span class='ocr_line' id='line_1_28' title="bbox 162 2655 1967 2721; baseline -0.002 -15"><span class='ocrx_word' id='word_1_234' title='bbox 162 2657 275 2706; x_wconf 89' lang='lat' dir='ltr'>dum</span> <span class='ocrx_word' id='word_1_235' title='bbox 324 2657 552 2721; x_wconf 88' lang='lat' dir='ltr'>spiritum</span> <span class='ocrx_word' id='word_1_236' title='bbox 598 2657 894 2706; x_wconf 86' lang='lat' dir='ltr'>incederent.</span> <span class='ocrx_word' id='word_1_237' title='bbox 942 2660 991 2706; x_wconf 91' lang='lat' dir='ltr'>et</span> <span class='ocrx_word' id='word_1_238' title='bbox 1033 2672 1207 2706; x_wconf 88' lang='lat' dir='ltr'>rursus</span> <span class='ocrx_word' id='word_1_239' title='bbox 1255 2672 1431 2720; x_wconf 88' lang='lat' dir='ltr'>corpus</span> <span class='ocrx_word' id='word_1_240' title='bbox 1479 2656 1680 2719; x_wconf 79' lang='lat' dir='ltr'>quidem</span> <span class='ocrx_word' id='word_1_241' title='bbox 1729 2655 1798 2704; x_wconf 89' lang='lat' dir='ltr'>ait</span> <span class='ocrx_word' id='word_1_242' title='bbox 1840 2670 1967 2703; x_wconf 87' lang='lat' dir='ltr'>mor—</span> 
     </span>
     <span class='ocr_line' id='line_1_29' title="bbox 160 2742 1970 2808; baseline -0.002 -17"><span class='ocrx_word' id='word_1_243' title='bbox 160 2746 320 2803; x_wconf 88' lang='lat' dir='ltr'>tuum,</span> <span class='ocrx_word' id='word_1_244' title='bbox 360 2743 448 2792; x_wconf 89' lang='lat' dir='ltr'>sed</span> <span class='ocrx_word' id='word_1_245' title='bbox 477 2746 679 2808; x_wconf 87' lang='lat' dir='ltr'>propter</span> <span class='ocrx_word' id='word_1_246' title='bbox 709 2742 1115 2806; x_wconf 88' lang='lat' dir='ltr'>delinquentiam,</span> <span class='ocrx_word' id='word_1_247' title='bbox 1149 2743 1281 2792; x_wconf 89' lang='lat' dir='ltr'>sicut</span> <span class='ocrx_word' id='word_1_248' title='bbox 1313 2742 1545 2806; x_wconf 87' lang='lat' dir='ltr'>spiritum</span> <span class='ocrx_word' id='word_1_249' title='bbox 1577 2742 1735 2790; x_wconf 87' lang='lat' dir='ltr'>uitam</span> <span class='ocrx_word' id='word_1_250' title='bbox 1766 2745 1970 2805; x_wconf 85' lang='lat' dir='ltr'>propter</span> 
     </span>
     <span class='ocr_line' id='line_1_30' title="bbox 159 2828 1965 2892; baseline -0.002 -15"><span class='ocrx_word' id='word_1_251' title='bbox 159 2828 422 2881; x_wconf 86' lang='lat' dir='ltr'>iustitiam.</span> <span class='ocrx_word' id='word_1_252' title='bbox 468 2829 626 2878; x_wconf 87' lang='lat' dir='ltr'>uitam</span> <span class='ocrx_word' id='word_1_253' title='bbox 679 2832 847 2878; x_wconf 87' lang='lat' dir='ltr'>autem</span> <span class='ocrx_word' id='word_1_254' title='bbox 892 2828 1041 2878; x_wconf 88' lang='lat' dir='ltr'>morti</span> <span class='ocrx_word' id='word_1_255' title='bbox 1087 2844 1339 2892; x_wconf 86' lang='lat' dir='ltr'>opponens</span> <span class='ocrx_word' id='word_1_256' title='bbox 1379 2828 1426 2877; x_wconf 88' lang='lat' dir='ltr'>in</span> <span class='ocrx_word' id='word_1_257' title='bbox 1476 2844 1616 2878; x_wconf 91' lang='lat' dir='ltr'>carne</span> <span class='ocrx_word' id='word_1_258' title='bbox 1664 2828 1965 2877; x_wconf 88' lang='lat' dir='ltr'>constitutae</span> 
     </span>
    </p>

    <p class='ocr_par' dir='ltr' id='par_1_9' title="bbox 94 2904 1967 3062">
     <span class='ocr_line' id='line_1_31' title="bbox 94 2904 1966 2978; baseline -0.003 -13"><span class='ocrx_word' id='word_1_259' title='bbox 94 2931 133 2965; x_wconf 78' lang='lat'>30</span> <span class='ocrx_word' id='word_1_260' title='bbox 163 2914 266 2964; x_wconf 73' lang='lat' dir='ltr'>s&#39;ine</span> <span class='ocrx_word' id='word_1_261' title='bbox 312 2914 461 2963; x_wconf 87' lang='lat' dir='ltr'>dubio</span> <span class='ocrx_word' id='word_1_262' title='bbox 507 2914 611 2964; x_wconf 89' lang='lat' dir='ltr'>illic</span> <span class='ocrx_word' id='word_1_263' title='bbox 658 2917 707 2964; x_wconf 88' lang='lat' dir='ltr'>et</span> <span class='ocrx_word' id='word_1_264' title='bbox 751 2915 906 2963; x_wconf 82' lang='lat' dir='ltr'>uitam</span> <span class='ocrx_word' id='word_1_265' title='bbox 952 2914 1237 2978; x_wconf 87' lang='lat' dir='ltr'>repromisit</span> <span class='ocrx_word' id='word_1_266' title='bbox 1276 2929 1330 2963; x_wconf 85' lang='lat' dir='ltr'>ex</span> <span class='ocrx_word' id='word_1_267' title='bbox 1367 2913 1579 2973; x_wconf 86' lang='lat' dir='ltr'>iustitia,</span> <span class='ocrx_word' id='word_1_268' title='bbox 1626 2904 1712 2961; x_wconf 88' lang='lat' dir='ltr'>ubi</span> <span class='ocrx_word' id='word_1_269' title='bbox 1756 2915 1966 2961; x_wconf 87' lang='lat' dir='ltr'>mortem</span> 
     </span>
     <span class='ocr_line' id='line_1_32' title="bbox 164 2997 1967 3062; baseline -0.001 -14"><span class='ocrx_word' id='word_1_270' title='bbox 164 2998 514 3049; x_wconf 80' lang='lat' dir='ltr'>determinauit</span> <span class='ocrx_word' id='word_1_271' title='bbox 550 3014 605 3048; x_wconf 85' lang='lat' dir='ltr'>ex</span> <span class='ocrx_word' id='word_1_272' title='bbox 644 2998 996 3062; x_wconf 84' lang='lat' dir='ltr'>delinquentia.</span> <span class='ocrx_word' id='word_1_273' title='bbox 1042 3003 1260 3048; x_wconf 87' lang='lat' dir='ltr'>ceterum</span> <span class='ocrx_word' id='word_1_274' title='bbox 1307 3000 1494 3047; x_wconf 80' lang='lat' dir='ltr'>frustra</span> <span class='ocrx_word' id='word_1_275' title='bbox 1532 2997 1768 3062; x_wconf 88' lang='lat' dir='ltr'>opposuit</span> <span class='ocrx_word' id='word_1_276' title='bbox 1810 2997 1967 3046; x_wconf 88' lang='lat' dir='ltr'>uitam</span> 
     </span>
    </p>
   </div>
   <div class='ocr_carea' id='block_1_3' title="bbox 303 3164 1777 3220">
    <p class='ocr_par' dir='ltr' id='par_1_10' title="bbox 303 3164 1777 3220">
     <span class='ocr_line' id='line_1_33' title="bbox 303 3164 1777 3220; baseline -0.001 -13"><span class='ocrx_word' id='word_1_277' title='bbox 303 3167 374 3219; x_wconf 86' lang='grc'>20]</span> <span class='ocrx_word' id='word_1_278' title='bbox 409 3165 459 3207; x_wconf 87' lang='lat' dir='ltr'>cf.</span> <span class='ocrx_word' id='word_1_279' title='bbox 489 3167 610 3207; x_wconf 82' lang='lat' dir='ltr'>Rom.</span> <span class='ocrx_word' id='word_1_280' title='bbox 642 3167 681 3217; x_wconf 87' lang='grc'>8,</span> <span class='ocrx_word' id='word_1_281' title='bbox 714 3167 751 3207; x_wconf 84' lang='grc'>8.</span> <span class='ocrx_word' id='word_1_282' title='bbox 841 3167 912 3220; x_wconf 81' lang='grc'>22]</span> <span class='ocrx_word' id='word_1_283' title='bbox 945 3167 1063 3208; x_wconf 85' lang='lat' dir='ltr'>Rom.</span> <span class='ocrx_word' id='word_1_284' title='bbox 1096 3166 1134 3214; x_wconf 84' lang='grc'>8,</span> <span class='ocrx_word' id='word_1_285' title='bbox 1168 3166 1206 3207; x_wconf 84' lang='grc'>9.</span> <span class='ocrx_word' id='word_1_286' title='bbox 1296 3165 1367 3219; x_wconf 81' lang='lat'>27]</span> <span class='ocrx_word' id='word_1_287' title='bbox 1403 3164 1453 3206; x_wconf 82' lang='lat' dir='ltr'>cf.</span> <span class='ocrx_word' id='word_1_288' title='bbox 1485 3166 1605 3206; x_wconf 79' lang='lat' dir='ltr'>Rom.</span> <span class='ocrx_word' id='word_1_289' title='bbox 1639 3165 1678 3213; x_wconf 81' lang='lat'>8,</span> <span class='ocrx_word' id='word_1_290' title='bbox 1714 3164 1777 3205; x_wconf 80' lang='lat'>10.</span> 
     </span>
    </p>
   </div>
   <div class='ocr_carea' id='block_1_4' title="bbox 163 3262 1968 3460">
    <p class='ocr_par' dir='ltr' id='par_1_11' title="bbox 163 3262 1968 3460">
     <span class='ocr_line' id='line_1_34' title="bbox 220 3262 1967 3318; baseline -0.002 -13"><span class='ocrx_word' id='word_1_291' title='bbox 220 3265 245 3305; x_wconf 83' lang='lat'>5</span> <span class='ocrx_word' id='word_1_292' title='bbox 283 3265 492 3305; x_wconf 86' lang='lat' dir='ltr'>credimus</span> <span class='ocrx_word' id='word_1_293' title='bbox 526 3265 703 3318; x_wconf 77' lang='lat' dir='ltr'>scripsi:</span> <span class='ocrx_word' id='word_1_294' title='bbox 741 3264 995 3306; x_wconf 88' lang='lat' dir='ltr'>credidimus</span> <span class='ocrx_word' id='word_1_295' title='bbox 1033 3264 1178 3305; x_wconf 82' lang='lat' dir='ltr'>PMF</span> <span class='ocrx_word' id='word_1_296' title='bbox 1287 3262 1613 3317; x_wconf 84' lang='lat' dir='ltr'>praeferendum</span> <span class='ocrx_word' id='word_1_297' title='bbox 1649 3262 1698 3303; x_wconf 90' lang='lat' dir='ltr'><strong><em>F</em></strong></span> <span class='ocrx_word' id='word_1_298' title='bbox 1789 3262 1835 3302; x_wconf 91' lang='lat'>11</span> <span class='ocrx_word' id='word_1_299' title='bbox 1878 3274 1967 3302; x_wconf 88' lang='lat' dir='ltr'>cor-</span> 
     </span>
     <span class='ocr_line' id='line_1_35' title="bbox 163 3331 1968 3388; baseline -0.002 -13"><span class='ocrx_word' id='word_1_300' title='bbox 163 3335 324 3388; x_wconf 61' lang='lat' dir='ltr'>rumpi*</span> <span class='ocrx_word' id='word_1_301' title='bbox 353 3335 417 3376; x_wconf 80' lang='lat' dir='ltr'>ita</span> <span class='ocrx_word' id='word_1_302' title='bbox 445 3335 499 3375; x_wconf 86' lang='lat' dir='ltr'><em>M</em></span> <span class='ocrx_word' id='word_1_303' title='bbox 584 3331 638 3376; x_wconf 84' lang='lat'>20</span> <span class='ocrx_word' id='word_1_304' title='bbox 670 3335 755 3377; x_wconf 87' lang='lat' dir='ltr'>sint</span> <span class='ocrx_word' id='word_1_305' title='bbox 784 3335 933 3384; x_wconf 82' lang='lat' dir='ltr'>PMF,</span> <span class='ocrx_word' id='word_1_306' title='bbox 966 3338 1069 3379; x_wconf 31' lang='lat' dir='ltr'>sunt,</span> <span class='ocrx_word' id='word_1_307' title='bbox 1094 3335 1208 3375; x_wconf 85' lang='lat' dir='ltr'>Pam</span> <span class='ocrx_word' id='word_1_308' title='bbox 1295 3335 1349 3375; x_wconf 84' lang='grc'>24</span> <span class='ocrx_word' id='word_1_309' title='bbox 1380 3333 1638 3375; x_wconf 85' lang='lat' dir='ltr'>monstrabit</span> <span class='ocrx_word' id='word_1_310' title='bbox 1659 3332 1706 3374; x_wconf 85' lang='lat' dir='ltr'><em>F</em></span> <span class='ocrx_word' id='word_1_311' title='bbox 1787 3332 1840 3373; x_wconf 85' lang='grc'>26</span> <span class='ocrx_word' id='word_1_312' title='bbox 1869 3331 1968 3372; x_wconf 88' lang='lat' dir='ltr'>illos</span> 
     </span>
     <span class='ocr_line' id='line_1_36' title="bbox 166 3404 1043 3460; baseline 0.003 -15"><span class='ocrx_word' id='word_1_313' title='bbox 166 3404 243 3447; x_wconf 89' lang='lat' dir='ltr'>deo</span> <span class='ocrx_word' id='word_1_314' title='bbox 279 3404 358 3448; x_wconf 82' lang='lat' dir='ltr'>Gel</span> <span class='ocrx_word' id='word_1_315' title='bbox 441 3406 493 3448; x_wconf 83' lang='lat'>27</span> <span class='ocrx_word' id='word_1_316' title='bbox 526 3407 588 3448; x_wconf 84' lang='lat' dir='ltr'>ait</span> <span class='ocrx_word' id='word_1_317' title='bbox 607 3407 757 3457; x_wconf 87' lang='lat' dir='ltr'>PMF,</span> <span class='ocrx_word' id='word_1_318' title='bbox 787 3406 929 3460; x_wconf 86' lang='lat' dir='ltr'>inquit</span> <span class='ocrx_word' id='word_1_319' title='bbox 963 3406 1043 3448; x_wconf 80' lang='lat' dir='ltr'>Gez</span> 
     </span>
    </p>
   </div>
  </div>
 </body>
</html>
