2248 3646
561 234 657 275 VII.
688 233 949 275 Aduersus
980 232 1292 275 Marcionem
1321 233 1396 274 lib.
1427 233 1471 274 ΙΙ
1500 234 1622 276 5-6.
1895 237 1991 286 341

269 395 311 443 6.
338 392 433 443 Sed
465 392 695 456 quoniam
728 405 782 439 ex
806 390 901 439 hoc
924 390 1023 439 iam
1047 390 1389 454 intellegimur
1421 405 1476 438 eo
1510 392 1760 439 struentes
1792 390 1999 439 liberam

195 479 412 530 hominis
452 480 755 542 potestatem
794 476 985 525 arbitrii
1025 476 1118 535 sui,
1165 479 1222 524 ut
1267 475 1398 538 quod
1445 475 1487 524 ei
1536 474 1705 524 euenit
1748 489 1843 524 non
1891 474 1999 533 de0,

197 564 283 614 sed
327 564 424 628 ipsi
471 562 647 612 debeat
693 561 988 625 exprobrari,
1042 576 1102 610 ne
1149 564 1199 609 et
1241 563 1297 609 tu
1342 560 1456 609 hinc
1501 560 1599 608 iam
1647 575 1866 623 opponas
1904 575 1999 608 non

195 649 263 698 ita
292 649 436 698 illum
471 647 670 697 institui
709 646 959 705 debuisse,
1001 646 1043 696 si
1081 646 1284 695 libertas
1326 648 1376 694 et
1414 648 1648 709 potestas
1677 644 1867 693 arbitrii
1905 644 2003 692 exi-

147 751 165 780 5
194 734 325 784 tiosa
352 734 521 784 futura
551 735 701 792 esset,
739 733 833 781 hoc
865 747 1061 796 quoque
1100 732 1238 795 prius
1281 731 1540 780 defendam
1578 730 1648 779 ita
1684 729 1883 779 institui
1922 729 2001 778 de-

127 1178 167 1209 10

127 1604 167 1636 15

128 2032 169 2062 20

129 2457 169 2488 25

132 2884 172 2913 30

195 819 383 879 buisse,
423 835 518 883 quo
550 818 729 868 fortius
763 818 1107 867 commendem
1140 820 1189 866 et
1217 817 1289 866 ita
1318 817 1609 866 institutum
1642 819 1691 865 et
1722 816 1869 879 digne
1910 814 2000 863 deo

194 905 504 963 institutum,
550 903 743 968 potiore
790 905 992 952 ostensa
1037 917 1094 951 ea
1131 916 1297 961 causa,
1353 915 1477 963 quae
1520 901 1593 949 ita
1629 900 1750 949 fecit
1785 898 2000 948 institui.

194 990 389 1040 bonitas
425 989 503 1038 dei
535 991 584 1037 et
607 988 732 1037 ratio
767 988 872 1037 eius
904 988 1019 1037 huic
1054 1001 1251 1051 quoque
1280 986 1512 1035 instituto
1545 984 2002 1050 patrocinabuntur,

195 1076 244 1124 in
277 1074 505 1125 omnibus
538 1073 880 1137 conspirantes
922 1073 1053 1136 apud
1092 1072 1239 1121 deum
1278 1074 1522 1128 nostrum.
1583 1085 1672 1120 nec
1708 1070 1834 1120 ratio
1874 1069 2003 1118 enim

197 1161 301 1210 sine
346 1160 566 1209 bonitate
615 1159 740 1208 ratio
788 1161 866 1208 est
911 1174 1001 1208 nec
1039 1158 1236 1207 bonitas
1277 1158 1381 1206 sine
1419 1156 1610 1206 ratione
1648 1156 1861 1214 bonitaS,
1907 1153 2001 1202 nisi

194 1246 320 1295 forte
350 1260 499 1308 penes
540 1244 687 1294 deum
718 1244 986 1294 Marcionis
1024 1243 1387 1292 inrationaliter
1425 1243 1626 1301 bonum,
1669 1241 1801 1290 sicut
1839 1242 2003 1289 osten-

195 1331 374 1380 dimus,
413 1330 674 1393 oportebat
698 1329 845 1378 deum
871 1329 1120 1394 cognosci.
1151 1329 1335 1378 bonum
1360 1328 1454 1377 hoc
1478 1327 1654 1391 utique
1679 1328 1729 1375 et
1751 1325 2004 1376 rationale.

196 1415 457 1479 oportebat
488 1415 693 1480 dignum
734 1414 922 1478 aliquid
962 1429 1087 1474 esse,
1131 1414 1263 1478 quod
1303 1414 1450 1463 deum
1491 1415 1827 1477 cognosceret.
1885 1410 2004 1475 quid

194 1503 298 1550 tam
346 1501 550 1565 dignum
597 1500 814 1564 prospici
859 1503 1031 1564 posset
1077 1515 1225 1563 quam
1269 1500 1435 1565 imago
1485 1498 1564 1548 dei
1603 1500 1651 1547 et
1689 1495 2002 1548 similitudo?

198 1588 247 1635 et
290 1587 383 1635 hoc
428 1586 613 1635 bonum
661 1586 765 1634 sine
804 1585 953 1634 dubio
996 1596 1044 1635 et
1079 1585 1334 1635 rationale.
1395 1584 1656 1649 oportebat
1691 1583 1847 1648 igitur
1883 1582 2002 1631 ima-

197 1672 361 1738 ginem
408 1674 457 1720 et
502 1671 883 1720 similitudinem
931 1671 1009 1720 dei
1051 1671 1196 1720 liberi
1242 1669 1433 1720 arbitrii
1479 1672 1528 1719 et
1573 1685 1691 1719 suae
1737 1667 2003 1733 potestatis

185 1756 411 1815 institui,
442 1757 491 1805 in
518 1772 613 1820 qua
644 1757 738 1806 hoc
767 1756 932 1820 ipsum
963 1757 1130 1821 imago
1164 1758 1215 1805 et
1244 1755 1522 1805 similitudo
1556 1755 1635 1804 dei
1667 1755 2004 1818 deputaretur,

199 1842 388 1891 arbitrii
420 1841 615 1892 scilicet
643 1842 845 1891 libertas
879 1844 927 1891 et
958 1843 1198 1905 potestas.
1239 1841 1286 1890 in
1320 1857 1467 1904 quam
1499 1857 1602 1890 rem
1636 1856 1692 1889 ea
1723 1838 2005 1889 substantia

199 1927 386 1977 homini
418 1927 791 1977 accommodata
822 1931 913 1983 est,
946 1943 1070 1990 quae
1102 1927 1252 1976 huius
1287 1929 1448 1976 status
1482 1928 1631 1986 esset,
1665 1924 1876 1975 adflatus
1909 1923 2003 1981 dei,

199 2013 371 2076 utique
415 2012 558 2062 liberi
605 2015 654 2062 et
699 2028 817 2061 suae
863 2014 1148 2077 potestatis,
1209 2013 1296 2063 sed
1344 2016 1393 2062 et
1438 2012 1558 2061 alias
1601 2011 1743 2076 quale
1783 2012 1902 2068 erat,
1948 2010 2006 2056 ut

199 2099 354 2149 totius
380 2098 551 2148 mundi
574 2098 835 2162 possidens
859 2099 1006 2148 homo
1031 2114 1125 2147 non
1151 2098 1376 2162 inprimis
1403 2098 1555 2147 animi
1579 2098 1656 2146 sui
1687 2095 2004 2160 possessione

198 2186 441 2250 regnaret,
518 2184 728 2234 aliorum
788 2184 1019 2234 dominus
1082 2184 1159 2234 sui
1219 2185 1474 2234 famulus?
1541 2183 1692 2233 habes
1752 2182 1906 2246 igitur
1958 2181 2007 2228 et

199 2270 472 2320 bonitatem
527 2269 605 2318 dei
657 2285 924 2334 agnoscere
977 2286 1029 2319 ex
1084 2270 1368 2335 dignatione
1422 2273 1471 2319 et
1514 2269 1755 2318 rationem
1809 2282 1863 2316 ex
1909 2265 2006 2314 dis-

199 2355 460 2418 positione.
522 2356 630 2404 sola
678 2371 807 2406 nunc
855 2356 1046 2406 bonitas
1095 2356 1362 2419 deputetur
1408 2370 1531 2418 quae
1576 2357 1770 2404 tantum
1818 2351 2005 2402 homini

199 2440 380 2505 largita
417 2441 497 2498 sit,
530 2440 580 2488 id
613 2443 688 2489 est
720 2441 910 2490 arbitrii
940 2441 1246 2500 libertatem3
1288 2441 1425 2490 aliud
1463 2440 1559 2490 sibi
1590 2440 1714 2489 ratio
1749 2436 2003 2487 defendat:

199 2526 249 2574 111
295 2526 542 2575 eiusmodi
587 2526 972 2575 institutionem.
1046 2543 1159 2576 nam
1219 2527 1380 2576 11011113
1430 2528 1605 2578 natura
1665 2525 1786 2574 deus
1848 2518 2003 2572 301113,

201 2611 285 2673 qui
332 2611 460 2659 enim
508 2611 639 2674 quod
686 2614 761 2660 est
807 2611 911 2660 sine
956 2611 1097 2661 initio
1146 2611 1309 2670 habet,
1359 2627 1454 2661 non
1500 2610 1816 2659 institutione
1855 2608 2008 2657 habet

198 2695 341 2745 illud.
382 2695 469 2745 sed
506 2698 693 2745 natura.
752 2696 900 2745 homo
942 2699 1121 2757 autem,
1162 2696 1246 2759 qui
1282 2699 1421 2746 totus
1462 2711 1516 2745 ex
1553 2695 1871 2745 institutione
1911 2695 2003 2752 est,

200 2781 386 2830 habens
410 2781 625 2841 initium,
658 2797 771 2830 cum
795 2781 937 2831 initio
964 2782 1173 2831 sortitus
1201 2784 1278 2831 est
1307 2781 1532 2841 formam,
1559 2797 1656 2845 qua
1679 2783 1827 2837 esset,
1856 2781 2005 2843 atque

201 2866 271 2915 ita
307 2881 402 2916 11011
441 2868 617 2916 natura
654 2867 703 2915 in
742 2867 927 2916 bonum
968 2867 1243 2930 dispositus
1284 2870 1374 2927 est,
1417 2867 1503 2916 sed
1536 2866 1869 2926 institutione,
1909 2880 2004 2913 non

202 2966 348 3000 suum
393 2951 579 3001 habens
626 2952 788 3000 bonus
843 2967 967 3013 esse,
1016 2952 1130 3016 quia
1174 2968 1268 3002 non
1315 2955 1490 3001 natura
1527 2953 1576 3001 in
1616 2953 1803 3002 bonum
1835 2943 2005 3014 ¹dispo-

259 3062 280 3103 1
305 3062 600 3116 intellegimur
623 3076 670 3104 eo
687 3063 794 3117 Εἰς).-
816 3063 1096 3118 intelligimus
1123 3077 1193 3104 eos
1210 3063 1300 3105 MR
1359 3064 1382 3103 2
1406 3064 1691 3116 hominifort.
1751 3063 1776 3103 8
1801 3064 1844 3103 et
1867 3075 1946 3103 om.
1963 3060 2010 3101 F

205 3133 254 3175 18
277 3136 483 3187 potestas,
514 3134 558 3174 in
587 3135 718 3188 uulyo
805 3135 857 3176 20
889 3140 933 3176 et
962 3135 1248 3188 suae—quale
1279 3148 1358 3176 om.
1381 3134 1427 3180 F
1503 3136 1555 3176 22
1586 3135 1764 3176 aliorum
1796 3133 2004 3184 dominus,

201 3205 266 3245 sui
288 3204 503 3246 famulus?
527 3206 658 3258 uulyo
734 3206 787 3247 23
812 3209 856 3246 et
879 3219 957 3247 om.
981 3206 1028 3246 F
1083 3206 1136 3248 25
1162 3205 1363 3247 defendat
1384 3207 1427 3247 in
1450 3207 1581 3259 aalys>
1654 3207 1707 3246 26
1731 3206 1775 3246 in
1799 3202 2006 3246 eiusmodi

200 3275 516 3316 institutionem
557 3276 652 3328 (hoc
689 3281 748 3317 est
784 3276 1098 3317 institutionem
1135 3276 1178 3317 in
1219 3277 1428 3318 eiusmodi
1463 3277 1560 3328 scil,
1585 3277 1633 3317 in
1671 3276 1800 3317 talem
1828 3275 2006 3324 statum)

200 3345 310 3400 MR,
340 3346 390 3387 id
423 3350 502 3387 est
532 3345 740 3387 eiusmodi
768 3347 1083 3388 institutionem
1113 3347 1214 3401 Eny
