2248 3646
120 1248 161 1278 10

125 1673 165 1703 15

116 2100 160 2132 20

118 2526 161 2556 25

573 305 668 346 VII.
701 304 966 346 Aduersus
998 304 1314 345 Marcionem
1344 303 1418 346 lib.
1449 303 1538 345 1111
1570 303 1635 344 27.
1903 306 2003 355 515

192 465 379 515 tionem
434 465 483 513 et
535 461 854 511 dilectionem
903 460 998 519 dei,
1052 475 1111 509 ne
1158 459 1278 508 haec
1327 458 1526 522 quidem
1580 458 1767 523 grauia,
1821 458 2003 508 nedum

194 548 411 598 decimas
448 549 672 596 rutarum
713 549 761 594 et
792 544 1063 594 munditias
1097 544 1407 594 catinorum?
1448 546 1667 592 ceterum
1700 543 2003 593 excusandos

191 634 360 697 potius
414 630 712 689 censuisset,
768 629 810 679 si
862 628 1202 692 importabilia
1253 630 1447 692 portare
1501 643 1597 677 non
1643 630 1861 691 possent.
1915 627 2005 677 sed

193 732 317 781 quae
363 731 509 766 onera
555 717 719 764 taxat?
760 728 884 777 quae
922 713 1019 777 ipsi
1059 713 1117 762 de
1167 728 1257 763 suo
1300 713 1677 778 exaggerabant,
1719 712 2002 762 docentes

192 801 494 852 doctrinas
527 802 850 864 praecepta
882 798 1182 847 hominum
1210 797 1582 847 commodorum
1609 813 1814 848 suorum
1838 813 2003 859 causa,

190 888 452 952 iungentes
494 885 695 935 domurn
735 884 794 933 ad
835 884 1054 948 domum,
1094 886 1151 934 ut
1188 898 1312 947 quae
1350 883 1558 946 proximi
1591 886 1708 932 sunt
1738 883 2002 944 auferrent,

192 973 438 1021 calcantes
476 970 736 1035 populum,
777 972 1000 1018 amantes
1047 984 1268 1028 munera,
1317 970 1564 1019 sectantes
1609 967 2002 1029 retributionem,

193 1056 478 1122 diripientes
517 1055 737 1104 iudicata
774 1069 1067 1118 pauperum,
1107 1053 1184 1103 uti
1216 1056 1350 1103 esset
1385 1052 1486 1103 illis
1518 1052 1673 1102 uidua
1701 1052 1750 1102 in
1782 1053 2003 1118 rapinam

194 1146 244 1190 et
294 1141 516 1205 pupillus
570 1140 619 1189 in
674 1139 922 1203 praedam.
978 1139 1037 1188 de
1091 1138 1274 1202 quibus
1319 1138 1451 1188 idem
1490 1137 1686 1188 Esaias:
1742 1153 1848 1187 uae
1903 1138 2003 1202 qui

191 1226 396 1275 ualent
432 1226 486 1274 in
525 1224 810 1282 Israhele‚
860 1227 909 1273 et
946 1239 1144 1274 rursus:
1185 1223 1283 1287 qui
1330 1237 1434 1272 1106
1475 1224 1788 1288 postulant
1828 1222 2003 1272 dorni-

191 1314 404 1360 nantur
456 1310 662 1360 uestri.
721 1311 803 1374 qui
857 1309 1017 1375 magis
1072 1324 1221 1373 quam
1275 1309 1502 1359 doctores
1554 1308 1716 1374 legis?
1770 1308 1821 1358 hi
1868 1308 1911 1357 si
1957 1309 2005 1357 et

193 1396 390 1446 Christo
446 1395 792 1459 displicebant,
845 1396 904 1443 ut
955 1394 1035 1444 sui
1080 1393 1423 1458 displicebant.
1476 1393 1665 1443 alienae
1711 1393 1839 1442 enim
1878 1392 2003 1458 legis

192 1482 418 1531 doctores
443 1496 538 1531 non
565 1479 763 1530 omnino
789 1480 1058 1544 pulsasset.
1136 1478 1234 1529 Cur
1258 1481 1424 1528 autem
1451 1483 1576 1528 ‘uae'
1602 1477 1811 1528 audiunt
1836 1478 2002 1537 etiam,

192 1565 323 1631 quod
362 1565 679 1616 aedificarent
714 1565 971 1629 prophetis
1009 1565 1314 1615 monimenta
1350 1564 1665 1629 interemptis
1706 1579 1733 1613 a
1777 1563 2003 1628 patribus

196 1666 381 1712 eorum,
434 1651 582 1700 laude
628 1651 796 1715 potius
846 1650 998 1716 digni,
1055 1649 1140 1714 qui
1189 1666 1244 1700 ex
1281 1650 1379 1699 isto
1428 1665 1573 1714 opere
1611 1649 1813 1714 pietatis
1852 1652 2006 1699 testa-

190 1737 370 1786 bantur
416 1752 467 1787 se
513 1751 608 1785 non
656 1735 933 1786 consentire
979 1735 1125 1785 factis
1171 1739 1388 1800 patrum,
1443 1735 1485 1784 si
1523 1749 1617 1785 non
1658 1737 1761 1784 erat
1799 1735 2004 1795 zeloteS,

193 1822 389 1885 qualem
421 1824 638 1887 arguunt
667 1820 1008 1877 Marcionitae,
1044 1820 1228 1870 delicta
1257 1823 1455 1886 patrum
1488 1819 1546 1869 de
1578 1819 1695 1869 filiis
1729 1819 2006 1885 exigentem

189 1907 429 1971 usquein
462 1909 695 1970 quartam
719 1905 1072 1955 natiuitatem‘?
1169 1902 1329 1966 Quam
1367 1919 1485 1954 uero
1527 1904 1718 1954 clauem
1758 1904 2007 1954 habebant

188 1992 316 2057 legis
349 1991 575 2042 doctores
609 1991 705 2040 nisi
735 1991 1196 2054 interpretationem
1227 1990 1390 2055 legis?
1423 1990 1483 2039 ad
1516 1990 1660 2040 cuius
1691 1990 2005 2040 intellectum

189 2092 347 2141 neque
399 2076 497 2142 ipsi
549 2076 767 2137 adibant,
830 2092 924 2126 non
985 2076 1243 2125 credentes
1305 2076 1516 2136 scilicet,
1577 2104 1645 2111 —
1698 2075 1811 2125 nisi
1874 2075 2006 2125 enim

191 2162 596 2223 credideritis,
635 2177 744 2212 non
775 2161 1159 2227 intellegetis
1199 2189 1266 2196 —-
1305 2176 1465 2225 neque
1498 2161 1621 2210 alios
1656 2160 2002 2222 admittebant,

189 2247 265 2296 uti
303 2247 388 2312 qui
427 2247 672 2297 docebant
707 2248 972 2311 praecepta
1008 2246 1178 2310 potius
1219 2248 1269 2297 et
1306 2246 1554 2296 doctrinas
1593 2246 1870 2296 hominurn.
1920 2245 2002 2310 qui

191 2339 306 2396 ergo
345 2346 435 2381 nec
474 2333 610 2397 ipsos
649 2331 956 2381 introeuntes
994 2346 1085 2381 nec
1124 2330 1236 2381 aliis
1277 2331 1466 2380 aditum
1505 2333 1816 2396 praestantes
1848 2330 2006 2381 incre-

189 2416 355 2479 pabat,
396 2415 700 2466 obtrectator
728 2415 987 2466 habendus
1020 2418 1098 2466 est
1125 2415 1254 2480 legis
1287 2431 1347 2465 an
1377 2408 1573 2466 fautor?
1614 2416 1656 2472 si
1689 2416 2004 2475 obtrectator,

191 2501 383 2566 placere
430 2501 674 2551 debebant
720 2501 765 2550 ei
802 2501 1147 2563 praeclusores
1185 2501 1331 2567 legis,
1378 2501 1421 2551 si
1459 2502 1639 2561 fautor,
1685 2500 1783 2550 iam
1821 2515 1918 2550 non
1959 2504 2009 2549 et

191 2586 417 2636 aemulus
468 2586 611 2651 legis.
672 2585 760 2635 sed
805 2582 942 2636 ‘haec
989 2586 1152 2637 omnia
1207 2586 1268 2636 ad
1324 2586 1674 2636 infuscandum
1736 2588 2005 2636 creatorem

334 2682 374 2735 1]
402 2681 453 2724 cf.
479 2683 500 2724 I
526 2683 616 2724 Ioh.
643 2683 680 2736 5,
706 2683 745 2724 3.
803 2682 844 2736 4]
869 2683 1025 2724 Matth.
1052 2684 1117 2735 15,
1142 2683 1182 2724 9.
1216 2682 1267 2724 cf.
1298 2682 1371 2724 Ε6.
1403 2683 1470 2733 29,
1505 2683 1570 2724 13.
1631 2683 1674 2735 6]
1709 2681 1761 2725 cf.
1794 2682 1862 2723 Es.
1896 2683 1934 2731 5,
1965 2682 2004 2723 8.

192 2753 234 2806 7]
263 2753 312 2796 cf.
337 2753 407 2794 Es.
432 2754 472 2806 3,
499 2754 562 2798 15.
644 2754 684 2807 8]
712 2753 764 2795 cf.
789 2753 860 2794 Es.
888 2754 953 2803 10,
977 2754 1015 2794 2.
1098 2753 1138 2808 9]
1164 2753 1362 2805 Α111.6,1.
1455 2754 1527 2808 10]
1548 2753 1618 2794 Ε6.
1644 2754 1759 2801 3,12.
1853 2753 1922 2806 13]
1950 2752 2003 2793 cf.

190 2824 293 2868 Luc.
321 2824 384 2874 11,
416 2825 596 2865 47—51.
689 2824 754 2879 17]
789 2824 841 2866 cf.
871 2824 1001 2866 Exod.
1034 2824 1100 2872 20,
1126 2826 1166 2868 5.
1256 2824 1323 2878 18]
1357 2824 1409 2867 cf.
1440 2824 1540 2866 Luc.
1576 2825 1643 2873 11,
1675 2824 1742 2865 52.
1830 2823 1902 2876 20]
1935 2823 2005 2866 Ε6.

192 2896 231 2947 7,
264 2895 301 2936 9.
389 2895 460 2950 22]
493 2895 545 2939 cf.
577 2894 666 2938 Col.
699 2896 738 2948 2,
771 2895 824 2936 22
857 2898 901 2936 et
928 2895 1000 2936 Es.
1034 2895 1101 2944 29,
1137 2895 1199 2937 13.

250 2982 274 3022 5
300 2978 512 3021 doctrinas
536 2984 764 3034 praecepta
785 2981 962 3033 scripsi:
991 2983 1222 3034 praecepta
1252 2980 1466 3021 doctrinas
1489 2979 1585 3021 MR
1645 2980 1669 3020 6
1695 2978 1910 3020 auferrent
1931 2976 2005 3030 12³,

192 3049 388 3092 auferent
417 3050 533 3092 ΜΕ1
614 3052 636 3092 7
671 3051 883 3092 calcantes
913 3051 1067 3105 scripsi
1097 3051 1277 3104 (alludit
1309 3055 1462 3093 auctor
1493 3051 1553 3092 ad
1582 3050 1659 3091 Es.
1695 3052 1735 3098 3,
1767 3051 1845 3090 15:
1877 3061 2006 3103 quare

193 3121 380 3163 atteritis
419 3122 486 3175 [=
524 3127 694 3183 asp-ij
730 3122 780 3162 id
816 3126 876 3163 est
907 3122 1159 3176 deculcatis]
1192 3122 1396 3176 populum
1426 3125 1605 3173 meum):
1646 3122 1878 3162 clamantes
1909 3119 2006 3161 MR

197 3206 459 3248 lOisrahele
489 3206 600 3259 MR,
631 3206 898 3248 Hierusalem
920 3206 1036 3248 Pam
1095 3208 1143 3249 11
1172 3207 1366 3248 doctores
1390 3207 1498 3261 legis
1521 3206 1587 3256 M,
1611 3206 1720 3259 legis
1745 3205 1940 3246 doctores
1962 3204 2006 3246 R

194 3275 326 3330 uulgo
411 3277 456 3317 hi
479 3276 515 3317 si
537 3275 593 3328 R,
617 3276 680 3317 hii
704 3276 740 3317 si
761 3276 816 3325 F,
841 3276 884 3316 in
909 3276 946 3317 si
968 3276 1025 3318 Μ
1080 3277 1134 3318 22
1159 3277 1222 3317 uti
1248 3276 1318 3330 qui
1342 3276 1521 3329 scripsi:
1549 3277 1696 3329 utique
1719 3274 1831 3322 MR,
1856 3273 2006 3326 utique

190 3346 326 3398 <qui>
339 3345 439 3400 Eny
526 3345 737 3387 docebant
766 3344 894 3394 MR1‚
928 3346 1129 3388 docentes
1160 3346 1221 3388 R3
1236 3347 1366 3399 uulyo
1435 3346 1487 3387 23
1521 3344 1768 3399 increpabat
1797 3343 1855 3384 M
1881 3348 1923 3398 (p
1956 3356 2007 3384 ea:

194 3416 222 3457 b
255 3430 282 3457 a
311 3430 363 3460 m.
395 3421 433 3469 1)
521 3417 574 3458 25
608 3417 646 3458 ei
677 3411 850 3469 scripsi:
883 3420 925 3458 et
956 3416 1051 3458 MR
1167 3431 1251 3458 non
1284 3420 1362 3457 est
1391 3417 1563 3475 mauult
1590 3416 1691 3469 Eny

1867 3498 1945 3539 33*
