2248 3646
206 233 310 283 518
614 227 802 279 Quinti
835 226 1062 282 Septimi
1092 225 1366 268 Florentis
1399 224 1726 266 Tertulliani

204 390 423 442 retentio
467 388 642 440 delicti
680 388 905 438 iudicem
947 387 1098 437 deum
1140 385 1361 452 sapiunt,
1396 385 1548 436 huius
1592 385 1687 436 erit
1725 385 1826 451 <et>
1866 384 2077 451 spiritus

208 481 417 529 sanctus
445 493 542 527 non
568 474 1023 542 blasphemandus,
1049 490 1145 525 non
1170 457 1440 524 remissuri
1465 472 1665 524 scilicet
1687 472 2078 538 blasphemiam,

207 567 342 616 sicut
382 568 434 616 et
474 580 628 630 supra
667 579 765 614 non
805 562 1086 629 neganduS,
1130 560 1346 613 occisuri
1389 560 1590 611 scilicet
1623 561 1777 612 etiam
1811 560 1859 611 in
1895 560 2075 628 gehen-

203 669 336 705 nam.
379 651 564 718 quodsi
605 653 655 702 et
693 650 1068 716 blasphemiam
1110 665 1136 699 a
1178 650 1404 699 creatore
1438 647 1677 699 Christus
1717 647 1919 710 auertit,
1955 663 2075 714 quo-

204 740 357 792 modo
413 739 738 790 aduersarius
795 739 840 789 ei
894 738 1110 799 uenerit,
1151 752 1249 787 non
1306 735 1430 787 scio,
1488 738 1578 786 aut
1631 736 1675 787 si
1728 737 1778 787 et
1823 752 1913 803 per
1951 736 2076 786 haec
2130 754 2152 785 5

207 828 540 879 seueritatem
569 826 679 877 eius
705 826 947 886 infuscat,
968 841 1064 876 non
1089 824 1355 875 remissuri
1381 823 1756 889 blasphemiam
1785 828 1834 874 et
1860 823 2079 875 occisuri

210 916 364 966 etiam
414 914 464 965 in
509 914 808 981 gehennam,
853 914 1105 977 superest,
1147 914 1207 962 ut
1248 915 1299 962 et
1335 911 1478 962 illius
1521 911 1712 963 diuersi
1754 911 1833 961 dei
1870 911 2079 977 impune

207 1006 257 1053 et
289 1003 502 1070 spiritus
536 1002 925 1066 blasphemetur
958 1003 1008 1050 et
1038 1000 1271 1051 Christus
1306 1002 1522 1066 negetur
1555 1003 1606 1050 et
1637 999 1764 1049 nihil
1788 998 1993 1050 intersit
2017 999 2092 1050 de.

206 1091 348 1142 cultu
384 1091 493 1141 eius
529 1090 656 1141 dcue
692 1092 990 1155 contemptu
1025 1091 1091 1149 et,
1127 1088 1265 1139 sicut
1297 1087 1358 1139 de
1393 1091 1691 1153 contemptu
1724 1088 1868 1138 nulla
1897 1103 2074 1154 poena,

204 1181 277 1231 ita
302 1183 352 1230 et
379 1180 438 1230 de
473 1180 616 1230 cultu
649 1179 790 1229 nulla
824 1177 1075 1243 speranda
1109 1177 1177 1228 sit
1207 1192 1419 1228 merces.
1526 1176 1809 1227 Perductos
1844 1176 1905 1226 ad
1937 1179 2077 1241 pote·
2109 1193 2152 1223 10

207 1270 365 1319 states
421 1267 660 1333 prohibet
714 1266 775 1316 ad
822 1265 1274 1332 interrogationem
1326 1264 1549 1332 cogitare
1613 1264 1673 1315 de
1733 1263 2076 1330 responsione.

207 1358 462 1407 sanctus
521 1355 690 1417 enim,
743 1354 927 1420 inquit,
984 1353 1250 1420 spiritus
1297 1353 1540 1404 docebit
1586 1369 1694 1404 uos
1741 1353 1877 1418 ipsa
1916 1353 2074 1409 hora,

206 1444 351 1510 quid
408 1443 616 1509 eloqui
671 1441 968 1493 debeatis.
1027 1440 1069 1491 si
1119 1440 1373 1492 eiusmodi
1422 1440 1787 1492 documentum
1835 1439 2075 1492 creatoris

206 1535 302 1593 est,
336 1532 445 1583 eius
480 1531 576 1582 erit
602 1533 651 1581 et
676 1533 1024 1596 praeceptum,
1054 1528 1201 1580 ouius
1227 1529 1511 1594 praecessit
1537 1529 1838 1595 exemplum.
1865 1527 2075 1578 Balaam

202 1620 478 1687 prophetes
502 1620 553 1669 in
581 1617 832 1669 Arithmis
867 1617 1147 1668 arcessitus
1181 1633 1208 1667 a
1239 1632 1356 1684 rege
1382 1617 1538 1667 Balac
1572 1616 1634 1667 ad
1667 1614 2075 1667 maledicendum
2107 1631 2150 1662 15

202 1707 501 1768 lsrahelem,
544 1721 660 1757 cum
702 1721 800 1771 quo
834 1705 1090 1770 proelium
1121 1705 1298 1767 inibat,
1341 1705 1498 1756 simul
1531 1705 1717 1771 spiritu
1748 1703 2074 1770 implebatur,

202 1811 301 1847 non
342 1795 405 1846 ad
445 1811 597 1861 quam
637 1797 850 1845 uenerat
889 1794 1319 1855 maledictionem,
1362 1795 1451 1844 sed
1494 1809 1646 1859 quam
1685 1793 1763 1843 illi
1801 1793 1913 1859 ipsa
1953 1792 2077 1842 hora

203 1884 416 1949 spiritus
452 1883 765 1950 suggerebat
795 1882 1203 1933 benedictionem
1238 1882 1618 1948 pronuntiabat,
1661 1884 1774 1932 ante
1807 1879 2074 1947 professus

203 1971 339 2037 apud
363 1970 572 2021 nuntios
598 1971 752 2037 regis,
772 1986 889 2021 mox
916 1970 1070 2020 etiam
1097 1970 1232 2035 apud
1251 1970 1437 2036 ipsum,
1458 1969 1509 2020 id
1530 1986 1582 2022 se
1607 1970 2074 2036 pronuntiaturum,

206 2059 341 2124 quod
388 2058 512 2110 deus
555 2059 629 2109 ori
671 2058 781 2109 eius
821 2057 1110 2110 indidisset.
1158 2059 1251 2109 hae
1294 2061 1414 2109 sunt
1451 2073 1615 2108 nouae
1656 2057 1915 2109 doctrinae
1954 2055 2075 2107 noui
2106 2071 2149 2103 20

206 2147 414 2207 Christi,
457 2162 582 2212 quas
625 2146 748 2197 olim
789 2145 971 2196 famuli
1022 2146 1263 2197 creatoris
1311 2146 1664 2198 initiauerunt.
1755 2145 1888 2196 Ecce
1927 2145 2075 2210 plane

205 2236 466 2287 diuersum
531 2235 820 2300 exemplum
882 2234 1052 2301 Moysi
1115 2238 1166 2286 et
1230 2234 1443 2288 Christi:
1515 2234 1722 2301 Moyses
1791 2233 2073 2284 rixantibus

204 2324 450 2375 fratribus
500 2325 635 2374 ultro
683 2323 957 2375 intercedit
1004 2326 1055 2374 et
1093 2323 1402 2375 iniuriosum
1443 2323 1691 2389 increpat:
1750 2322 1894 2388 quid
1945 2338 2073 2389 pro-

203 2413 427 2462 ximum
479 2414 650 2463 tuum
695 2413 1011 2477 percutis?
1062 2413 1113 2463 et
1151 2412 1361 2463 reicitur
1401 2412 1462 2463 ab
1502 2411 1613 2462 illo:
1667 2411 1800 2476 quis
1848 2412 1905 2461 te
1946 2425 2075 2461 con-

205 2500 421 2552 stituit
452 2501 819 2567 magistrum
853 2503 957 2551 aut
988 2499 1255 2552 iudicem
1290 2516 1471 2566 super
1503 2503 1644 2552 nos‘?
1681 2498 1919 2551 Christus
1952 2513 2071 2549 uero
2105 2509 2147 2542 25

201 2588 499 2654 postulatus
526 2603 554 2638 a
579 2587 818 2653 quodam,
852 2591 910 2639 ut
933 2587 1066 2639 inter
1094 2588 1245 2638 illum
1279 2590 1328 2639 et
1359 2587 1565 2638 fratrem
1599 2587 1765 2653 ipsius
1799 2585 1913 2652 <de>
1945 2585 2073 2636 diui-

202 2675 365 2726 denda
418 2675 701 2726 hereditate
758 2678 1102 2740 componeret,
1154 2691 1361 2743 operam
1417 2691 1580 2737 suam,
1623 2677 1674 2725 et
1714 2673 1921 2740 quidem
1968 2676 2075 2724 tam

199 2764 387 2829 probae
421 2778 622 2825 causae,
657 2762 945 2830 denegauit.
977 2762 1080 2814 iam
1106 2779 1223 2830 ergo
1248 2764 1431 2814 melior
1457 2763 1666 2829 Moyses
1692 2777 1840 2812 meus
1869 2760 2071 2812 Christo

351 2891 421 2946 10]
440 2891 493 2935 cf.
512 2891 615 2933 Luc.
638 2891 704 2940 12,
734 2891 943 2959 11—12.3
990 2891 1063 2946 12]
1081 2890 1183 2933 Luc.
1213 2890 1280 2945 12,
1309 2891 1375 2932 12.
1447 2890 1515 2946 14]
1537 2890 1589 2933 cf.
1614 2888 1743 2932 Num.
1771 2902 1863 2944 cap.
1888 2887 2072 2929 22-24,

205 2965 273 3020 15]
309 2966 360 3007 cf.
392 2963 523 3009 Num.
559 2965 626 3014 22,
661 2966 699 3007 6.
810 2964 877 3019 18]
912 2964 965 3007 cf.
999 2963 1129 3006 Num.
1163 2965 1230 3015 23,
1264 2965 1421 3007 5—10.
1537 2963 1588 3006 cf.
1621 2961 1752 3005 Num.
1785 2962 1853 3017 22,
1888 2961 2072 3005 18—19.

203 3038 272 3094 19]
309 3038 360 3083 cf.
394 3038 523 3083 Num.
550 3038 620 3092 22,
647 3038 716 3081 38.
779 3037 967 3093 23—25]
995 3038 1130 3082 Exod.
1164 3039 1203 3089 2,
1233 3037 1417 3080 13—14.
1479 3037 1552 3092 25]
1581 3036 1634 3079 cf.
1660 3036 1764 3080 Luc.
1794 3036 1861 3086 12,
1889 3035 2073 3077 13—14.

263 3143 281 3183 1
317 3141 446 3184 huius
471 3141 548 3192 R3,
584 3143 705 3184 cuius
729 3141 850 3186 MR1
941 3145 986 3185 et
1009 3142 1169 3184 addidi
1228 3143 1255 3184 4
1278 3155 1302 3184 a
1327 3143 1522 3184 creatore
1549 3140 1750 3184 Christus
1774 3140 1842 3190 M,
1870 3138 2072 3183 Christus

201 3228 225 3256 a
251 3217 446 3257 creatore
470 3214 514 3257 R
530 3216 666 3270 uulqo
729 3217 754 3258 5
781 3215 1059 3258 aduersarius
1084 3216 1129 3269 (d
1152 3229 1186 3258 8.
1211 3229 1253 3257 u.
1279 3229 1309 3257 a
1331 3229 1386 3258 m.
1412 3217 1451 3269 1)
1475 3215 1536 3257 Μ
1592 3216 1614 3256 7
1643 3218 1686 3256 et
1699 3213 1814 3269 fo'rt.
1841 3213 2075 3256 delendum

203 3288 255 3331 13
290 3287 394 3343 quid
423 3288 667 3342 loquamini
696 3288 879 3331 NPam
986 3290 1037 3332 15
1069 3288 1195 3331 balac
1226 3288 1293 3343 M,
1326 3289 1494 3331 Balach
1525 3288 1722 3344 Ruulyo
1823 3288 1874 3330 16
1907 3277 1986 3342 spu
2019 3285 2078 3327 M

200 3364 244 3415 (u
277 3375 330 3404 ex
363 3376 385 3404 ο
419 3376 474 3404 m.
501 3363 540 3418 1)
603 3363 655 3405 17
689 3362 787 3418 ipsa
812 3365 933 3417 <ea>
959 3362 1066 3404 hora
1088 3363 1202 3417 fort.
1274 3363 1327 3405 18
1359 3361 1580 3418 professus
1604 3361 1662 3411 R,
1696 3360 1941 3417 professum
1971 3359 2077 3402 MF

200 3434 255 3476 26
289 3434 341 3477 de
375 3435 478 3477 add.
513 3436 629 3478 Pam
749 3435 993 3478 diuidunda
1025 3436 1140 3478 Pam
