2248 3646
542 297 637 337 VH.
668 295 928 337 Aduersus
959 296 1268 338 Marcionem
1300 298 1374 339 111».
1404 298 1491 338 1111
1524 299 1587 341 2²24.
1876 305 1971 352 501

175 454 421 517 operarios
468 453 694 502 mercede
732 453 1024 502 iudicantis:
1067 453 1219 512 boui,
1267 453 1444 517 inquit,
1492 455 1710 503 terenti
1758 471 1818 504 os
1866 472 1975 506 non

175 521 507 604 colligabis.
562 539 672 601 quis
725 541 825 587 tam
879 541 1134 603 praestans
1186 539 1234 587 in
1288 539 1510 588 homines
1563 539 1659 589 nisi
1705 540 1789 604 qui
1835 544 1882 590 et
1927 541 1975 590 in

170 624 421 687 pecudes?
468 623 646 687 quodsi
692 626 741 672 et
781 623 1009 673 Christus
1048 623 1224 687 dignos
1263 623 1487 671 mercede
1533 625 1818 687 pronuntiat
1863 641 1976 689 ope-

169 709 339 767 rariOS,
386 708 645 758 excusauit
681 710 999 771 praecepturi]
1037 707 1164 756 iliud
1202 708 1436 756 creatoris
1477 708 1535 756 de
1565 709 1701 758 uasis
1734 710 1894 759 aureis
1929 714 1977 759 et

119 812 137 840 5
172 793 417 859 argenteis
463 792 824 858 Aegyptiorum
878 793 1171 841 auferendis.
1227 793 1311 856 qui
1357 794 1486 842 enim
1531 793 1679 843 uillas
1734 797 1783 843 et
1826 795 1974 844 urbes.

171 878 359 943 operati
396 878 590 928 fuerant
627 877 904 942 Aegyptiis
952 877 1087 942 digni
1125 878 1300 941 utique
1342 879 1550 942 operarii
1588 879 1831 940 mercede,
1877 896 1973 930 non

170 964 230 1012 ad
275 963 499 1012 fraudem
545 965 661 1012 sunt
706 963 947 1022 instincti,
996 963 1083 1012 sed
1122 963 1182 1011 ad
1220 963 1461 1012 mercedis
1502 964 1972 1027 compensationem,

170 1063 317 1111 quam
343 1048 464 1097 alias
491 1063 516 1096 a
543 1048 937 1097 dominatoribus
964 1048 1155 1111 exigere
1180 1062 1274 1097 non
1300 1051 1539 1111 poterant.
1642 1049 1868 1113 Regnum
1897 1050 1974 1098 dei

167 1149 325 1196 neque
372 1148 559 1182 nouum
604 1149 761 1196 neque
806 1133 1084 1182 inauditum
1132 1133 1203 1182 sic
1243 1149 1439 1197 quoque
1479 1133 1807 1194 confirmauit,
1855 1135 1971 1184 dum

97 1239 136 1268 10
166 1219 293 1268 illud
329 1218 472 1268 iubet
510 1218 790 1268 adnuntiari
829 1218 1267 1283 adpropinquasse.
1307 1219 1438 1282 quod
1478 1219 1605 1268 enim
1645 1219 1791 1283 longe
1822 1220 1975 1269 fuerit

166 1305 447 1367 aliquande,
492 1304 542 1353 id
579 1307 747 1367 potest
785 1304 882 1353 dici
921 1305 1356 1368 adpropinquasse.
1405 1304 1445 1353 si
1493 1309 1659 1354 autern
1698 1320 1971 1368 numquam

164 1393 292 1439 retro
339 1389 535 1448 fuisset,
589 1393 855 1453 antequam
915 1389 1376 1453 adpropinquasset,
1424 1405 1511 1439 nec
1573 1390 1669 1438 dici
1721 1390 1974 1452 potuisset

165 1475 603 1539 adpropinquasse,
622 1475 752 1538 quod
776 1491 1043 1538 numquam
1072 1475 1218 1539 longe
1243 1474 1434 1525 fuisset.
1462 1490 1603 1524 omne
1630 1475 1760 1538 quod
1784 1491 1971 1524 nouum

165 1563 215 1610 et
251 1561 562 1625 incognitum
595 1564 687 1619 est,
727 1560 947 1610 subitum
985 1563 1074 1609 est.
1115 1575 1257 1609 omne
1297 1560 1428 1623 quod
1461 1560 1683 1610 subitum
1725 1562 1815 1618 est,
1857 1575 1969 1608 cum

94 1668 132 1697 15
164 1645 498 1706 adnuntiatur,
559 1648 679 1694 tunc
738 1645 951 1709 primum
1015 1645 1231 1710 speciem
1291 1645 1528 1694 inducens
1582 1647 1701 1694 tunc
1753 1645 1967 1709 primum

163 1731 345 1795 accipit
396 1733 611 1794 tempus.
668 1732 889 1779 ceterum
940 1746 1029 1779 nec
1074 1732 1202 1780 retro
1249 1731 1471 1780 tardasse
1515 1730 1751 1793 potuerit,
1799 1746 1968 1794 quam—

163 1817 245 1865 diu
278 1832 371 1866 non
405 1816 803 1873 adnuntiabatur,
843 1831 947 1875 nec,
989 1831 1043 1865 ex
1084 1831 1178 1879 quo
1212 1815 1491 1864 adnuntiari
1524 1815 1755 1879 coeperit,
1795 1815 1967 1878 adpro-

160 1903 444 1966 pinquasse.
507 1903 657 1951 etiam
709 1902 875 1962 adicit,
934 1904 992 1950 ut
1044 1902 1132 1960 eis,
1195 1902 1278 1966 qui
1330 1901 1444 1950 illos
1498 1916 1592 1950 non
1645 1902 1967 1965 recepissent,

162 1988 404 2038 dicerent:
446 1988 666 2036 scitote
706 1991 897 2036 tamen
938 1987 1448 2051 adpropinqua-sse
1486 2001 1731 2051 regnum
1772 1986 1877 2035 dei.
1927 1986 1968 2034 si

89 2095 128 2126 20
160 2074 253 2123 hoc
292 2089 386 2123 non
433 2075 483 2122 et
521 2073 920 2122 comminationis
968 2074 1127 2137 gratia
1170 2073 1387 2132 mandat,
1434 2071 1705 2121 uanissime
1751 2071 1966 2120 mandat,

161 2159 280 2222 quid
319 2159 447 2208 enim
487 2159 546 2207 ad
583 2158 715 2217 moe,
763 2158 805 2208 si
844 2158 1259 2222 adpropinquaret
1294 2173 1518 2222 regnum,
1565 2157 1662 2206 nisi
1701 2156 1815 2220 quia
1854 2171 1966 2204 cum

158 2244 342 2293 iudicio
390 2244 786 2308 adpropinquat?
830 2243 879 2292 in
927 2244 1140 2292 salutem
1180 2244 1374 2292 scilicet
1420 2258 1606 2302 eorum,
1653 2242 1737 2306 qui
1784 2241 1967 2290 adnun-

158 2330 417 2379 tiationem
461 2330 566 2379 eius
606 2330 925 2393 recepissent,
954 2346 1083 2379 aaa.
1112 2345 1207 2393 quo
1239 2329 1405 2388 mode,
1441 2329 1482 2378 si
1515 2328 1831 2378 comminatio
1872 2343 1967 2376 non

155 2417 325 2478 potest
348 2416 451 2464 sine
485 2417 787 2475 executione,
821 2416 976 2465 habes
1009 2416 1155 2464 deum
1189 2418 1498 2464 executorem
1529 2414 1578 2462 in
1612 2413 1965 2463 comminatore

86 2523 125 2554 25
158 2503 208 2549 et
244 2500 460 2550 iudicem
498 2502 546 2550 in
588 2503 816 2565 utroque.
859 2501 930 2550 sic
970 2504 1020 2549 et
1057 2501 1313 2565 puluerem
1353 2499 1494 2548 iubet
1532 2498 1696 2548 excuti
1738 2499 1788 2548 in
1833 2497 1965 2558 illos,

154 2585 202 2633 in
254 2585 658 2635 testificationem
711 2586 920 2635 eieratae
968 2586 1116 2635 etiam
1162 2588 1319 2635 terrae
1366 2600 1552 2643 eorum,
1606 2583 1789 2633 nedum
1835 2598 1966 2631 com-

298 2685 336 2738 1]
370 2685 498 2724 Deut.
531 2685 598 2733 25,
630 2686 669 2725 4.
786 2686 828 2737 4]
864 2684 913 2725 cf.
946 2683 1075 2725 Exod.
1111 2684 1174 2731 12,
1206 2683 1385 2723 34—35.
1505 2681 1572 2735 10]
1598 2681 1658 2721 cf.
1690 2680 1790 2722 Luc.
1827 2680 1892 2729 10,
1925 2681 1963 2720 9.

158 2754 225 2807 19]
259 2755 358 2796 Luc.
394 2756 457 2803 10,
497 2757 559 2796 11.
648 2756 719 2808 25]
754 2755 803 2796 cf.
836 2755 936 2795 Luc.
972 2755 1036 2803 10,
1071 2755 1135 2795 11.

212 2840 236 2880 3
267 2840 459 2882 mercede
489 2842 738 2894 pronuntiat
767 2841 831 2885 M.
864 2842 1115 2894 pronuntiat
1143 2840 1336 2881 mercede
1359 2839 1549 2891 Ruulqo
1609 2841 1633 2880 6
1664 2838 1834 2878 fuerant
1855 2836 1963 2889 Rip).-

154 2909 314 2951 fuerint
349 2912 446 2953 MR
590 2914 612 2952 7
658 2912 854 2953 instincti
891 2911 1001 2963 MR,
1047 2911 1245 2952 instructi
1289 2910 1371 2952 Urs
1490 2910 1539 2950 10
1578 2909 1718 2950 fuerat
1761 2907 1965 2948 Oehlerus

158 2981 208 3021 15
240 2983 422 3036 speciem
453 2983 587 3023 Pam:
620 2996 735 3037 spem
774 2982 864 3023 MR
961 2983 1010 3023 16
1044 2982 1200 3035 accipit
1229 2981 1333 3035 qu:
1369 2981 1533 3034 accepit
1562 2979 1659 3021 MR
1774 2979 1964 3030 potuerit

155 3053 275 3106 Eny:
306 3054 465 3107 poterit
494 3054 603 3100 MR,
637 3067 707 3107 ⁶²90
739 3055 841 3095 olim
869 3053 1045 3095 rescribi
1072 3053 1218 3094 uolui:
1248 3053 1408 3105 poterit
1435 3051 1579 3105 <dici>
1672 3050 1724 3091 23
1757 3050 1964 3090 lacunam

153 3126 349 3178 siquam:
374 3128 416 3166 et
438 3126 480 3166 in
503 3124 789 3178 perditionem
814 3138 971 3172 eorum,
996 3125 1067 3178 qui
1091 3138 1173 3164 non
1195 3123 1457 3176 recepissent
1478 3121 1791 3163 interciderunt
1876 3133 1963 3160 non

153 3199 298 3250 potest
326 3198 417 3238 scil.
449 3209 546 3248 esse,
576 3197 809 3237 secundum
838 3209 963 3237 usum
996 3196 1210 3236 auctoris:
1242 3194 1413 3235 iniuria
1450 3192 1653 3234 Oehlerus
1690 3191 1847 3232 deleuit
1875 3203 1962 3230 non

156 3269 208 3310 ‘25
231 3268 442 3321 utroque?
475 3268 535 3308 sic
565 3269 695 3320 uulgso
783 3267 836 3308 26
862 3268 1047 3308 eieratae
1081 3267 1207 3307 etiam
1239 3265 1396 3317 scripsi
1424 3265 1495 3316 (cf.
1524 3265 1630 3310 438,
1657 3264 1720 3314 3):
1748 3262 1805 3310 ei;
1838 3261 1962 3315 heret

156 3340 284 3381 etiam
307 3341 372 3387 M,
406 3342 448 3380 et
469 3339 617 3380 haeret
642 3340 768 3380 etiam
794 3339 847 3382 R.
875 3341 918 3379 et
939 3338 1160 3379 haerentia
1189 3336 1392 3377 Oehlerus
1422 3336 1556 3387 (quod
1578 3347 1648 3387 (³90
1672 3333 1841 3386 quidem
1871 3345 1961 3373 non

154 3411 382 3465 ioztelleyo),
417 3410 469 3451 ad
498 3410 758 3450 horrentiam
790 3410 899 3462 Rmsy
