2248 3646
123 1222 160 1253 10

120 1647 161 1677 15

121 2071 161 2102 20

121 2495 162 2527 25

569 286 659 327 VII.
691 286 953 326 Aduersus
983 284 1294 325 Marcionem
1326 283 1398 323 lib.
1430 283 1517 323 IIII
1547 283 1613 323 22.
1892 283 1991 333 495

190 457 301 491 uos
342 457 444 492 eos
484 441 701 500 faciet,
743 440 849 504 ipse
895 440 993 490 iam
1039 438 1325 503 praedicans
1377 442 1426 489 et
1467 439 1684 502 implens
1731 438 1896 505 legem
1943 441 1993 488 et

186 527 466 591 prophetas,
506 525 701 575 traditit
738 525 894 590 igitur
929 526 1071 588 pater
1108 523 1208 573 filio
1250 523 1525 588 discipulos
1565 539 1739 583 nouoS,
1774 524 1988 573 ostensis

187 611 323 675 prius
364 626 474 660 cum
513 610 599 659 illo
631 610 805 674 Moyse
845 613 893 659 et
923 610 1070 660 Helia
1099 609 1148 658 in
1190 609 1431 658 claritatis
1462 609 1809 673 praerogatiua
1841 611 1989 672 atque

185 696 256 745 ita
295 695 530 754 dimissiS,
572 695 713 758 quasi
747 695 845 744 iam
886 697 935 744 et
973 695 1135 744 officio
1175 697 1224 743 et
1261 694 1443 744 honore
1476 694 1772 758 dispunctiS,
1805 696 1861 742 ut
1894 694 1987 743 hoc

190 781 355 844 ipsum
388 779 761 829 confirmaretur
789 781 990 843 propter
1018 778 1337 838 Marcionem,
1372 778 1662 827 societatem
1699 792 1806 827 esse
1840 778 1990 827 etiam

188 866 427 915 claritatis
467 864 653 915 Christi
692 879 804 914 cum
843 864 1017 929 Moyse
1058 866 1106 913 et
1150 864 1307 913 Helia.
1353 866 1516 913 totum
1556 872 1722 912 autem
1761 863 1986 912 habitum

186 951 398 1002 uisionis
435 951 585 1001 istius
624 950 866 998 habemus
914 950 1062 999 etiam
1110 949 1241 1013 apud
1279 949 1496 1007 Abacuc,
1545 948 1631 997 ubi
1679 948 1885 1011 spiritus
1934 964 1989 997 ex

186 1052 395 1103 persona
428 1035 679 1085 interdum
719 1034 1080 1098 apostolorum:
1130 1033 1388 1095 domine,
1429 1033 1651 1082 audiui
1697 1033 1989 1082 auditum

187 1126 364 1172 tuum
397 1124 456 1171 et
487 1120 747 1171 extimui
773 1150 838 1156 -
865 1135 1012 1184 quem
1042 1120 1201 1184 magis
1231 1134 1377 1183 quam
1402 1118 1541 1168 uocis
1569 1118 1799 1168 caelestis
1824 1118 1987 1168 illius:

190 1207 281 1256 hic
310 1213 399 1256 est
422 1206 592 1256 filius
618 1221 779 1254 meus
800 1205 1250 1267 dilectus,hunc
1276 1203 1989 1253 auditeP-—consideraui

190 1308 423 1357 operam
454 1294 612 1340 tuam
644 1291 749 1355 <et>
782 1290 971 1340 excidi
1004 1295 1194 1340 mente
1214 1319 1277 1326 -—
1298 1288 1490 1353 quando
1516 1288 1677 1353 magis
1704 1303 1850 1352 quam
1877 1304 1989 1338 cum

186 1379 299 1428 uisa
337 1378 562 1427 claritate
601 1377 707 1426 eius
746 1376 926 1426 nesciit
971 1375 1090 1438 quid
1136 1375 1322 1425 diceret
1358 1375 1572 1423 Petrus?
1603 1403 1670 1409 -—
1701 1373 1756 1423 in
1795 1373 1987 1423 medio

189 1463 433 1512 duorum
495 1461 835 1510 animalium
890 1460 1292 1526 cognosceris,
1350 1459 1514 1522 Moysi
1569 1461 1618 1508 et
1674 1459 1867 1519 Heliae,
1929 1459 1987 1508 de

189 1548 368 1612 quibus
403 1549 453 1597 εὴ
482 1547 743 1596 Zacharias
774 1546 906 1596 uidit
933 1546 983 1594 in
1016 1546 1173 1612 figura
1206 1546 1411 1594 duarum
1445 1544 1666 1595 olearum
1699 1545 1748 1593 et
1779 1544 1988 1594 duorum

188 1633 491 1682 ramulorum
545 1634 697 1682 oleae.
749 1648 860 1681 nam
914 1632 966 1680 hi
1018 1634 1149 1690 sunt,
1212 1630 1270 1680 de
1324 1630 1505 1694 quibus
1545 1630 1735 1679 dictum
1775 1631 1851 1679 est
1887 1629 1986 1679 illi:

192 1717 296 1767 duo
330 1717 452 1767 filii
479 1716 815 1781 opimitatis
843 1716 1145 1766 adsistunt
1170 1716 1398 1766 domino
1424 1714 1746 1764 uniuersae
1777 1716 1986 1763 terrae.

191 1806 239 1852 et
263 1817 433 1851 rursus
465 1802 596 1851 idem
625 1801 850 1851 Abacuc:
878 1801 1117 1865 operuit
1149 1801 1343 1850 caelos
1375 1800 1589 1859 uirtuS,
1616 1799 1790 1862 utique
1815 1799 1985 1847 nubilo

188 1888 292 1946 illo,
325 1890 380 1937 et
407 1887 683 1951 splendor
714 1887 843 1936 eius
879 1890 939 1936 ut
963 1887 1058 1935 lux
1090 1886 1219 1944 erit,
1253 1886 1427 1949 utique
1460 1901 1557 1948 qua
1587 1885 1737 1934 etiam
1769 1885 1987 1933 uestitus

191 1974 298 2023 eius
341 1973 554 2022 refulsit.
609 1975 657 2022 et
702 1973 744 2022 si
790 1987 1235 2022 commemoremur
1277 1970 1624 2035 promissionis
1670 1970 1853 2033 Moysi,
1907 1969 1986 2018 hic

187 2058 472 2108 inuenietur
496 2060 749 2122 expuncta.
782 2073 894 2107 cum
927 2057 1056 2107 enim
1088 2056 1421 2107 desiderasset
1451 2057 1772 2120 conspectum
1804 2053 1990 2104 domini

187 2144 389 2209 Moyses
429 2145 621 2194 dicens:
662 2144 710 2194 si
749 2159 884 2209 ergo
923 2143 1130 2193 inueni
1169 2142 1423 2208 gratiam
1470 2157 1665 2191 coram
1695 2144 1770 2199 te,
1810 2139 1986 2189 mani-

189 2230 346 2279 festa
381 2229 529 2278 mihi
566 2231 642 2289 te,
681 2231 744 2279 ut
776 2230 1203 2294 cognoscenter
1232 2227 1467 2276 uideam
1501 2229 1573 2287 te,
1608 2242 1723 2276 eum
1755 2240 1985 2289 conspec-

187 2317 297 2365 tum
335 2315 635 2374 desiderans,
672 2315 721 2363 in
761 2330 856 2378 quo
888 2313 1140 2363 hominem
1171 2315 1305 2362 esset
1334 2314 1551 2371 acturUS,
1586 2311 1718 2375 quod
1747 2312 1990 2375 propheta

191 2401 396 2463 sciebat,
437 2431 501 2437 --
540 2404 761 2451 ceterum
801 2400 891 2449 dei
928 2399 1156 2458 faciem,
1195 2399 1293 2447 iam
1333 2397 1569 2455 audierat,
1609 2412 1773 2446 nemo
1819 2397 1986 2446 homo

191 2486 426 2537 uidebit
463 2491 519 2536 et
568 2487 827 2536 uiuet—-
859 2488 916 2535 et
962 2486 1131 2544 hunc,
1183 2484 1362 2548 inquit,
1417 2497 1762 2540 sermonem,
1817 2496 1987 2545 quem

193 2571 415 2627 dixisti,
468 2572 678 2622 faciam
732 2571 859 2621 tibi.
924 2574 973 2620 et
1023 2586 1197 2620 rursus
1250 2569 1477 2634 Moyses:
1540 2568 1787 2619 ostende
1841 2565 1987 2615 mihi

334 2781 372 2835 1]
406 2780 457 2823 cf.
485 2781 640 2822 Matth.
672 2781 711 2829 5,
746 2780 809 2822 17.
869 2779 1024 2832 8—13]
1049 2779 1158 2820 Hab.
1184 2779 1221 2827 3,
1250 2778 1369 2820 1-2,
1430 2778 1499 2831 10]
1523 2777 1624 2820 Luc.
1649 2778 1690 2828 9,
1712 2776 1780 2818 35.
1841 2775 1910 2828 14]
1935 2774 1986 2817 cf.

193 2853 316 2894 Zach.
346 2854 386 2905 4,
417 2853 475 2901 3„
544 2852 614 2906 16]
646 2851 769 2894 Zach.
799 2853 839 2899 4,
874 2851 936 2893 14.
1027 2850 1096 2903 17]
1128 2848 1237 2890 Hah.
1270 2850 1308 2902 3,
1341 2849 1464 2890 3—4.
1551 2848 1623 2901 21]
1655 2846 1788 2888 Exod.
1820 2847 1887 2899 33,
1921 2845 1986 2887 13.

193 2924 265 2977 24]
296 2923 428 2965 Exod.
459 2924 525 2975 33,
557 2922 624 2966 20.
711 2922 780 2976 25]
812 2921 941 2964 Exod.
975 2922 1040 2971 33,
1074 2921 1137 2962 17.
1224 2920 1296 2974 26]
1329 2919 1458 2963 Exod.
1488 2920 1555 2967 33,
1589 2918 1653 2960 18.

251 3037 271 3078 1
304 3035 435 3078 faciet
462 3035 571 3083 MR,
602 3035 705 3076 fecit
732 3036 844 3076 Pam
930 3036 958 3076 9
987 3047 1106 3088 quem
1139 3033 1213 3083 R3,
1245 3047 1367 3087 quam
1399 3031 1516 3074 MR1
1629 3030 1745 3072 uocis
1775 3030 1832 3082 R,
1861 3042 1989 3069 uoces

193 3104 292 3148 MF
378 3108 424 3148 11
458 3120 626 3158 operam
654 3109 772 3147 tuam
801 3105 910 3158 MR,
942 3119 1068 3159 opera
1096 3108 1172 3146 tua
1202 3105 1315 3145 Pam
1425 3104 1531 3156 <et>
1558 3102 1693 3144 excidi
1715 3102 1824 3154 1219:
1854 3099 1989 3140 excidi

193 3177 248 3226 R,
280 3176 421 3219 excedi
453 3178 511 3218 M
565 3178 613 3218 17
645 3190 786 3218 rursus
815 3176 881 3228 M,
911 3190 1073 3217 rursum
1104 3176 1290 3229 Ruulqo
1355 3175 1404 3216 21
1440 3188 1540 3227 ergo
1571 3187 1649 3214 om.
1681 3171 1742 3214 R¹
1800 3172 1853 3213 22
1884 3171 1989 3211 mihi

193 3251 237 3289 te
266 3248 374 3301 MF,
404 3253 449 3289 te
478 3249 583 3289 mihi
611 3246 800 3301 Ruulyo
957 3248 1011 3288 24
1034 3247 1316 3300 parenthesin
1344 3246 1564 3287 indicaui:
1594 3244 1767 3284 sciebat.
1802 3246 1988 3283 ceterum

193 3320 325 3373 uulyo
434 3318 546 3378 (de.)
574 3319 643 3360 dei
671 3319 779 3359 facie
814 3317 1015 3359 Oehlerus
1127 3317 1278 3358 faciem
1309 3317 1393 3357 iam
1422 3316 1554 3369 uulyo
1641 3315 1694 3355 25
1725 3313 1891 3355 uidebit
1921 3313 1986 3361 M,

194 3390 361 3431 uidebit
386 3403 454 3431 me
483 3389 526 3432 R
554 3390 711 3442 reliqui
734 3393 908 3442 praeter
936 3389 1022 3442 Riy
1135 3389 1274 3442 inquit
1303 3388 1395 3429 scil.
1427 3387 1530 3427 deus
