2248 3646
131 777 150 808 5

106 1201 153 1233 '10

117 1628 155 1658 15

117 2054 156 2083 20

119 2480 158 2510 25

436 262 525 304 VII.
558 262 818 303 Aduersus
847 261 1156 302 Marcionem
1185 261 1257 302 lib.
1290 261 1356 302 ΙΙΙ
1386 263 1452 303 24.
1482 262 1554 302 lib.
1586 262 1674 302 1111
1707 263 1741 302 1.
1880 265 1981 313 423

184 419 424 484 quandam
457 420 817 467 commentatus
851 419 926 466 est
953 417 1043 481 illi,
1072 445 1137 451 —-
1162 432 1285 480 opus
1312 433 1365 466 ex
1391 418 1795 467 contrarietatum
1832 433 1982 482 oppo-

185 505 448 554 sitionibus
486 503 796 552 ‘Antithesis'
835 502 1236 567 cognominatum
1269 505 1316 551 et
1355 501 1414 550 ad
1442 503 1814 565 *separationem
1852 503 1980 567 legis

184 592 233 640 et
258 589 504 654 euangelii
528 591 756 637 coactum
773 617 840 623 —
859 603 954 651 qua
979 588 1101 637 duos
1129 587 1245 636 deos
1273 587 1514 648 diuidens,
1534 587 1736 651 proinde
1756 588 1982 638 diuersos

183 678 240 724 ut
263 676 471 724 alterum
504 674 706 723 alterius
737 673 1055 722 instrumenti
1079 673 1176 733 uel,
1203 672 1333 735 quod
1358 673 1517 737 magis
1550 673 1664 721 usui
1698 675 1774 722 est
1805 672 1982 733 dicere,

181 760 484 818 testamenti,
534 758 702 808 exinde
742 758 997 822 euangelio
1038 773 1232 822 quoque
1273 757 1544 807 secundum
1584 758 1844 807 antithesis
1884 772 1984 806 cre-

184 845 339 895 dendo
363 845 767 908 patrocinaretur.
805 843 891 892 sed
923 846 972 892 et
1001 843 1123 892 istas
1155 843 1351 913 proprio
1388 858 1659 908 congressu
1686 842 1981 902 comminus,

183 931 234 980 id
285 933 362 979 est
412 946 497 994 per
549 930 770 995 singulas
823 929 1112 978 iniectiones
1165 928 1376 989 Pontici,
1433 927 1740 989 cecidissem,
1797 927 1838 976 si
1889 943 1984 976 11011

184 1016 344 1066 multo
376 1014 664 1078 oportunius
701 1015 747 1063 in
779 1015 888 1077 ipso
923 1015 972 1063 et
1003 1029 1115 1063 cum
1147 1013 1254 1078 ipso
1289 1013 1564 1077 euangeliO,
1599 1013 1678 1062 cui
1708 1015 1986 1076 procurant,

183 1100 571 1151 retunderentur.
599 1114 895 1163 quamquam
920 1101 1021 1148 tam
1054 1098 1198 1148 facile
1225 1100 1301 1148 est
1322 1098 1679 1162 praescriptiue
1712 1112 1982 1156 occurrere,

184 1185 415 1250 equidem
466 1188 523 1233 ut
576 1187 777 1247 accepto
832 1199 911 1232 eas
966 1183 1159 1243 faciam,
1206 1185 1263 1232 ut
1313 1185 1418 1231 rato
1458 1183 1679 1243 habeam,
1726 1186 1784 1231 ut
1821 1182 1983 1231 nobis-

185 1286 297 1319 cum
336 1270 496 1319 facere
537 1270 711 1328 dicam,
754 1283 848 1332 quo
887 1268 1048 1333 magis
1087 1267 1144 1316 de
1178 1267 1416 1316 caecitate
1448 1267 1666 1316 auctoris
1700 1267 1778 1317 sui
1812 1267 1984 1316 erube-

185 1359 339 1415 scant,
372 1357 568 1405 nostrae
607 1354 706 1403 iam
746 1353 1007 1402 antithesis
1049 1353 1287 1402 aduersus
1320 1352 1638 1401 Marcionem.
1676 1355 1823 1415 atque
1864 1353 1984 1401 adeo

187 1439 420 1489 confiteor
445 1438 597 1487 alium
624 1438 843 1487 ordinem
871 1437 1209 1486 decucurrisse
1240 1437 1288 1485 in
1313 1437 1473 1486 ueteri
1505 1437 1830 1500 dispositione
1856 1437 1987 1501 apud

186 1527 470 1583 creatorem,
520 1524 670 1571 alium
716 1523 766 1571 in
811 1538 938 1572 noua
985 1522 1115 1586 apud
1162 1521 1430 1572 Christum.
1485 1537 1579 1571 non
1632 1537 1755 1586 nego
1804 1522 1986 1570 distare

187 1609 483 1658 documenta
530 1608 730 1670 eloquii,
779 1610 1041 1671 praecepta
1079 1607 1300 1667 uirtutis,
1345 1607 1473 1671 legis
1515 1607 1821 1670 disciplinaS,
1870 1607 1988 1655 dum

186 1698 350 1742 tamen
405 1696 511 1743 tota
563 1693 828 1742 diuersitas
882 1693 931 1741 in
977 1707 1130 1741 unum
1178 1694 1227 1740 et
1272 1691 1481 1740 eundem
1527 1692 1671 1740 deum
1720 1694 1987 1755 competat,

186 1779 327 1827 illum
367 1778 576 1837 scilicet,
617 1794 644 1827 a
683 1794 778 1842 quo
820 1780 1011 1827 constat
1051 1792 1157 1826 eam
1196 1777 1489 1841 dispositam
1529 1777 1661 1826 sicut
1707 1781 1756 1826 et
1797 1777 1988 1840 praedi-

188 1867 362 1913 catam.
413 1864 530 1913 olim
579 1864 893 1913 contionatur
930 1862 1102 1912 Esaias
1141 1862 1448 1925 prodituram
1489 1878 1543 1912 ex
1583 1863 1698 1912 Sion
1736 1863 1901 1927 legem
1940 1865 1990 1911 et

188 1964 463 1998 sermonem
496 1949 679 1998 domini
713 1965 766 1998 ex
797 1948 1126 2011 Hierusalem,
1161 1948 1306 1996 aliam
1337 1948 1509 2011 utique
1540 1948 1701 2012 legem
1735 1948 1988 2011 aliumque

189 2049 480 2083 sermonem.
543 2034 754 2098 denique
807 2033 1117 2093 indicabit,
1170 2033 1347 2096 inquit,
1402 2033 1556 2082 inter
1607 2033 1878 2082 nationes
1935 2037 1989 2081 et

187 2120 459 2168 traducet
510 2121 790 2183 populum
843 2119 1177 2182 plurimum,
1234 2118 1427 2167 scilicet
1477 2134 1571 2167 non
1624 2119 1771 2167 unius
1824 2119 1988 2182 gentis

187 2204 502 2265 Iudaeorum,
555 2205 641 2254 sed
686 2205 957 2264 nationum,
1006 2219 1129 2267 quae
1175 2220 1260 2268 per
1304 2219 1485 2253 nouam
1530 2204 1692 2268 legem
1741 2202 1989 2268 euangelii

191 2292 238 2337 ct
283 2305 468 2339 nouum
514 2305 790 2339 sermonem
838 2290 1179 2354 apostolorum
1224 2289 1507 2338 iudicantur
1560 2292 1608 2338 et
1659 2289 1990 2338 traducuntur

190 2374 320 2438 apud
359 2374 653 2438 semetipsas
695 2375 753 2423 de
792 2374 998 2438 pristino
1047 2389 1218 2435 errore,
1265 2373 1417 2422 simul
1463 2373 1791 2433 crediderunt,
1841 2375 1987 2436 atque

190 2459 358 2508 exinde
399 2460 719 2509 concidunt
755 2460 1092 2509 machaeras
1131 2459 1185 2507 in
1227 2461 1436 2518 aratra,
1478 2462 1531 2507 et
1570 2459 1816 2520 zibinas,
1858 2458 1989 2520 quod

190 2559 346 2609 genus
393 2545 752 2594 uenabulorum
801 2548 889 2607 est,
943 2545 996 2593 in
1043 2544 1244 2606 falceS,
1296 2544 1346 2592 id
1400 2547 1477 2593 est
1527 2545 1656 2593 feros
1711 2547 1759 2592 et
1812 2557 1988 2593 saeuos

191 2630 434 2692 quondam
475 2630 663 2680 animos
705 2632 1000 2679 conuertunt
1035 2630 1085 2678 in
1124 2644 1299 2679 sensus
1339 2630 1517 2693 probos
1558 2633 1607 2679 et
1643 2629 1800 2678 bonae
1831 2628 1988 2692 frugis

192 2715 453 2778 operarios.
503 2718 552 2763 et
594 2731 791 2765 rursus:
847 2715 1048 2764 audite
1092 2730 1194 2775 me,
1243 2714 1459 2775 audite,
1506 2716 1762 2780 populus
1809 2729 1986 2772 meus,

333 2867 400 2920 13]
430 2867 481 2907 cf.
512 2867 582 2908 Es.
616 2868 652 2916 2,
685 2868 723 2908 3.
811 2867 880 2921 20]
914 2867 985 2907 Es.
1016 2868 1054 2920 2,
1085 2869 1125 2908 4.
1212 2867 1281 2920 25]
1312 2867 1369 2908 ib.
1459 2868 1529 2920 23]
1564 2867 1632 2907 Es.
1664 2868 1730 2918 51,
1761 2868 1800 2907 4.

246 2954 272 2993 4
302 2956 351 2993 ut
381 2952 557 2993 alterum
588 2953 762 3005 scripsi:
793 2953 970 2993 alterum
1002 2952 1098 2994 MR
1199 2954 1222 2994 5
1256 2951 1404 2993 exinde
1433 2952 1608 3005 scripsi:
1636 2954 1685 2992 ut
1716 2951 1863 2992 exinde
1894 2952 1990 2993 MR

193 3023 415 3063 antithesis
446 3023 554 3075 MF,
594 3023 844 3064 antitheseis
876 3023 929 3076 R,
970 3023 1204 3064 antitheses
1240 3023 1461 3064 Oehlerus:
1497 3023 1563 3063 ita
1592 3036 1674 3075 per
1711 3026 1845 3063 totum
1882 3035 1990 3075 opus

190 3094 341 3133 uariat
370 3094 662 3146 scripturam
693 3094 768 3134 hoe
798 3093 1012 3134 uocabulo
1022 3109 1036 3145 ;
1066 3106 1137 3147 390
1166 3094 1323 3147 ubique
1350 3107 1502 3147 sequor
1532 3094 1695 3135 codices
1809 3094 1833 3134 8
1865 3107 1987 3147 opor-

192 3165 333 3204 tunius
371 3164 435 3216 M,
482 3166 760 3218 opportunius
797 3164 983 3217 Ruulyo
1106 3164 1130 3205 9
1174 3164 1514 3215 retunderentur,
1561 3178 1815 3218 quamquam
1859 3164 1989 3217 uulyo

195 3235 244 3275 10
270 3235 464 3289 equidem
484 3235 540 3282 R,
567 3240 608 3275 et
634 3235 800 3288 quidem
822 3235 878 3275 M
951 3235 1001 3275 14
1025 3248 1136 3275 noua
1150 3234 1224 3286 R3,
1248 3249 1358 3275 nouo
1380 3235 1494 3276 MR¹
1582 3249 1666 3275 non
1688 3248 1797 3288 nego
1814 3234 1989 3283 MGRss,

191 3319 328 3347 nonne
361 3319 459 3359 ergo
490 3305 550 3347 El
637 3307 689 3346 22
719 3306 858 3359 legem
889 3319 1041 3346 nouam
1073 3306 1131 3347 M
1212 3307 1264 3347 25
1296 3306 1456 3347 zibinas
1486 3306 1658 3358 scripsi.-
1690 3304 1893 3358 zibbynas
1924 3305 1988 3354 M,

193 3376 350 3417 sibinas
380 3377 423 3418 R
521 3377 573 3417 28
606 3376 749 3417 audite
780 3377 935 3428 scripsi
965 3376 1055 3427 (alt.
1089 3377 1220 3427 loco):
1254 3375 1398 3416 audite
1431 3378 1474 3416 et
1504 3375 1567 3424 M,
1602 3374 1746 3416 audite
1777 3388 1843 3415 me
1876 3377 1918 3415 et
1948 3375 1990 3416 R
