2248 3646
93 1203 132 1232 10

92 1629 128 1658 15

106 2056 145 2085 ¹20

106 2473 145 2505 25

555 260 611 302 II.
651 262 721 302 De
755 259 935 302 Carnis
966 260 1374 301 Resurrectione
1405 259 1584 300 51—52.
1875 261 1971 310 107

162 419 419 484 patiuntur
450 416 781 480 corruptelam
814 418 863 465 et
895 415 1268 475 mortalitatem,
1302 429 1412 464 caro
1445 414 1640 464 scilicet
1671 418 1720 464 et
1752 415 1973 480 sanguis,

163 520 217 554 ea
256 517 461 553 necesse
509 504 587 551 est
630 501 884 565 patiantur
923 502 973 549 et
1015 500 1404 563 incorruptelam
1453 502 1502 549 et
1544 499 1972 549 inmortalitatem.

233 590 311 637 52.
366 587 639 636 Videamus
692 585 792 635 iam
847 600 994 645 nunc,
1049 600 1145 648 quo
1201 599 1403 647 corpore
1456 586 1694 634 uenturos
1748 587 1976 634 mortuos

162 673 396 737 disputet.
445 675 496 722 et
538 671 680 731 bene,
727 669 859 734 quod
907 670 1070 733 erupit
1117 669 1289 719 statim
1340 667 1616 728 ostendere,
1674 668 1817 732 quasi
1864 667 1976 731 quis

162 757 410 809 eiusmodi
434 759 652 820 quaerat.
688 756 896 814 stulte,
930 755 1107 819 inquit,
1141 758 1229 813 tu3
1271 753 1425 817 quod
1458 753 1717 803 seminas
1752 768 1860 802 non
1898 768 1976 801 re-

160 842 542 901 uiuificatur,
574 841 691 891 nisi
723 843 1021 890 mortuum
1047 840 1244 889 fuerit.
1276 840 1369 888 hoc
1396 853 1511 904 ergo
1545 838 1642 887 iam
1670 838 1727 888 de
1754 838 1976 901 exemplo

160 927 368 978 seminis
402 929 597 976 constet
626 941 720 976 non
754 925 901 974 aliam
935 924 1182 974 uiuificari
1215 939 1409 973 carnem
1443 939 1593 987 quam
1631 923 1811 987 ipsam,
1853 937 1977 985 quae

161 1014 253 1064 erit
292 1015 503 1070 mortua,
547 1016 595 1061 et
635 1011 705 1060 ita
743 1011 1003 1074 sequentia
1040 1009 1349 1059 relucebunt.
1399 1008 1524 1057 nihil
1565 1008 1695 1058 enim
1737 1008 1980 1057 aduersus

158 1097 389 1163 regulam
429 1096 640 1160 exempli
677 1096 851 1145 licebit
889 1094 1134 1160 intellegi,
1174 1109 1249 1155 ne,
1291 1094 1407 1157 quia
1446 1093 1691 1157 sequitur:
1735 1095 1790 1142 et
1829 1091 1979 1155 quod

165 1182 442 1242 seminas,
475 1196 584 1231 non
618 1196 831 1244 corpus
869 1179 1020 1242 quod
1053 1179 1322 1228 futurum
1356 1182 1446 1228 est
1479 1178 1752 1237 seminaS,
1792 1176 1976 1226 idcirco

160 1267 297 1316 aliud
343 1270 741 1316 resurrecturum
789 1280 969 1330 corpus
1024 1280 1172 1328 quam
1228 1264 1360 1327 quod
1406 1263 1657 1313 moriendo
1707 1262 1982 1312 seminatur

162 1352 431 1402 existimes,
472 1355 691 1401 ceterum
732 1350 962 1400 excidisti
1003 1350 1060 1399 ab
1103 1349 1342 1413 exemplu.
1391 1364 1663 1412 numquam
1705 1347 1834 1396 enim
1882 1347 1981 1396 fru-

162 1440 326 1487 mento
374 1437 618 1486 seminato
667 1438 716 1485 et
753 1436 801 1484 in
842 1438 972 1484 terra
1018 1434 1265 1484 dissoluto
1317 1434 1521 1483 ordeum
1580 1432 1744 1497 erupit
1801 1436 1850 1481 et
1887 1447 1981 1481 non

161 1523 210 1572 id
247 1523 414 1585 ipsum
455 1537 612 1587 genus
653 1521 792 1586 grani
832 1519 1104 1583 eademque
1150 1521 1326 1568 natura
1366 1522 1414 1567 et
1461 1518 1676 1582 qualitas
1718 1519 1767 1567 et
1805 1517 1980 1565 forma.

163 1608 371 1671 denique
426 1606 554 1656 unde
607 1606 814 1670 <aliud.>
854 1605 896 1654 si
934 1620 1026 1654 non
1081 1604 1130 1653 id
1169 1603 1372 1668 ipsum?
1429 1607 1478 1653 et
1525 1602 1805 1667 corruptela
1852 1601 1982 1650 enim

170 1695 334 1757 ipsum
383 1695 476 1752 est,
525 1692 642 1741 dum
687 1691 847 1756 ipsius
895 1693 983 1740 est.
1032 1690 1118 1739 sed
1165 1689 1294 1739 enim
1342 1691 1391 1738 et
1437 1688 1679 1754 suggerit,
1735 1685 1983 1751 quomodo

172 1782 280 1829 ‘non
316 1778 448 1842 quod
478 1778 703 1827 futurum
738 1779 812 1826 est
845 1781 1042 1839 corpus'
1076 1775 1365 1835 seminetur,
1408 1774 1600 1824 dicens:
1634 1773 1735 1822 sed
1767 1772 1983 1821 nudum

174 1880 432 1929 granum,
468 1863 516 1912 si
547 1862 714 1924 forte,
746 1860 1032 1911 frumenti
1065 1861 1163 1910 uel
1191 1860 1454 1909 alicuius
1488 1858 1808 1908 eiusmodi:
1842 1857 1984 1906 deus

175 1952 366 1999 autem
417 1949 514 1998 dat
557 1947 654 1996 illi
702 1962 916 2011 corpus
963 1931 1140 2010 prout
1185 1946 1333 1995 uult,
1382 1947 1513 1995 certe
1561 1944 1604 1993 ei
1644 1958 1812 2008 graue,
1854 1941 1986 2006 quod

176 2035 362 2084 nudum
411 2034 644 2083 seminari
682 2033 766 2081 ait.
815 2036 963 2092 certe,
1003 2032 1188 2096 inquiS.
1237 2045 1352 2097 ergo
1394 2030 1592 2080 saluum
1633 2034 1710 2078 est
1755 2029 1835 2078 cui
1875 2028 1986 2076 dare

179 2121 327 2170 habet
366 2119 488 2169 deus
528 2134 722 2183 corpus.
764 2117 1013 2182 quomodo
1054 2120 1221 2166 autem
1270 2116 1466 2165 saluum
1514 2117 1604 2176 est,
1653 2115 1694 2164 si
1739 2128 1984 2176 nusquam

176 2210 267 2266 est,
301 2205 342 2254 si
373 2221 469 2254 non
499 2203 736 2269 resurgit,
777 2203 819 2253 si
850 2219 945 2252 uon
979 2202 1029 2251 id
1060 2203 1227 2266 ipsum
1260 2201 1511 2266 resurgit?
1552 2201 1593 2250 si
1626 2216 1718 2250 non
1751 2198 1985 2262 resurgit,

178 2293 374 2341 saluum
413 2308 507 2342 non
547 2294 635 2341 est.
676 2291 716 2339 si
756 2305 849 2339 non
890 2293 967 2338 est
1007 2292 1056 2337 et
1094 2289 1310 2348 saluum,
1351 2287 1572 2351 accipere
1613 2300 1790 2350 corpus
1832 2300 1858 2333 a
1897 2283 1985 2332 deo

176 2394 271 2427 non
317 2380 496 2441 potest.
550 2377 636 2426 sed
684 2376 813 2426 enim
869 2376 1066 2425 saluum
1120 2374 1252 2423 omni
1298 2372 1443 2422 modo
1498 2375 1706 2422 constat.
1765 2371 1826 2420 ad
1871 2369 1989 2434 quid

177 2478 292 2528 ergo
340 2463 475 2513 dabit
517 2463 592 2512 illi
640 2462 763 2512 deus
809 2464 956 2525 prout
1002 2462 1115 2510 uult
1161 2475 1356 2524 corpus,
1409 2458 1612 2508 habenti
1659 2458 1833 2520 utique
1879 2471 1988 2520 pro—

175 2549 339 2612 prium
379 2563 557 2612 corpus
596 2546 723 2596 illud
763 2546 968 2605 nudum,
1009 2546 1105 2595 nisi
1138 2545 1323 2594 utiam
1363 2560 1458 2593 non
1499 2542 1687 2592 nudum
1727 2542 1989 2606 resurgat?

178 2649 292 2699 ergo
327 2634 551 2683 addit-um
583 2633 676 2683 erit
708 2632 839 2697 quod
871 2631 1063 2696 corpori
1098 2630 1476 2695 superstruitur,
1516 2642 1606 2678 nec
1639 2626 1992 2677 exterminatur

177 2720 319 2780 illud,
361 2719 441 2769 cui
482 2719 861 2783 superstruitur,
903 2718 989 2768 sed
1028 2719 1255 2782 augetur.
1297 2716 1495 2766 saluum
1536 2716 1614 2763 est
1651 2717 1817 2762 autem
1858 2710 1990 2774 quod

319 2847 360 2899 5]
391 2845 411 2885 Ι
444 2843 537 2886 Cor.
571 2844 637 2896 15,
668 2844 735 2885 36.
824 2843 866 2896 9]
900 2842 921 2883 1
953 2842 1048 2884 Cor.
1082 2843 1148 2891 15,
1181 2842 1246 2884 37.
1338 2840 1405 2894 17]
1439 2840 1459 2881 Ι
1491 2838 1584 2882 Cor.
1621 2839 1684 2891 15,
1717 2837 1898 2879 37—38.

237 2945 261 2986 3
299 2944 520 2986 uideamus
556 2943 657 2986 Gel:
693 2943 887 2985 uidemus
926 2941 1071 2984 PMF
1152 2943 1179 2984 4
1218 2941 1337 2995 quasi
1376 2953 1455 2982 om.
1494 2939 1549 2992 F,
1589 2938 1663 2992 qui
1701 2938 1735 2977 si
1773 2935 1832 2977 M
1863 2938 1989 2987 (corr,

182 3029 231 3056 m.
256 3017 293 3068 1)
410 3015 502 3068 quis
526 3028 607 3058 om.
630 3015 689 3055 M
771 3015 795 3055 5
820 3028 903 3055 non
934 3014 1034 3055 Gel:
1058 3026 1197 3054 nonne
1221 3010 1437 3063 PMFR1,
1463 3023 1618 3054 numne
1644 3007 1705 3050 R3
1831 3006 1990 3047 reuiui-

180 3086 331 3127 fieatur
359 3085 459 3139 Eny
488 3087 561 3138 (cf.
586 3099 631 3138 p.
669 3087 731 3132 51,
763 3086 865 3135 19).·
894 3084 1139 3124 uiuificatur
1168 3081 1311 3123 PMF
1398 3082 1448 3122 13
1481 3080 1622 3133 erupit
1658 3077 1768 3128 MF,
1809 3075 1992 3129 erumpit

184 3156 365 3210 Puul90
462 3157 513 3197 14
545 3155 753 3209 qualitate
781 3155 898 3195 Pam
988 3156 1038 3196 15
1076 3153 1190 3195 aliud
1231 3151 1388 3193 addidi
1471 3151 1520 3192 16
1558 3149 1633 3191 sed
1665 3149 1774 3190 enim
1814 3146 1993 3198 scripsi:

184 3239 265 3267 non
283 3227 392 3268 enim
409 3225 550 3267 PMF
627 3227 676 3267 17
702 3225 938 3267 seminatur
959 3224 1072 3266 Pam
1162 3223 1213 3264 18
1236 3224 1306 3264 uel
1322 3221 1472 3271 PMF‚
1499 3224 1572 3262 aut
1600 3219 1680 3262 Gel
1766 3219 1819 3259 22
1845 3218 1880 3257 si
1904 3229 1989 3257 non

184 3297 226 3338 id
250 3298 607 3352 ipsum—saluum
640 3311 722 3338 non
755 3299 821 3338 est
850 3310 930 3338 om.
960 3296 1007 3337 F
1089 3296 1141 3337 26
1174 3308 1257 3336 non
1288 3294 1446 3335 nudum
1473 3292 1546 3342 Rss,
1579 3290 1765 3332 nondum
1790 3286 1988 3330 ΡΜΕῊι

185 3369 236 3409 27
270 3369 516 3410 additicium
549 3368 630 3409 erit
661 3381 812 3421 corpus
845 3366 956 3421 quod
992 3366 1028 3408 O
