2248 3646
1108 804 1222 856 VII.

755 905 1111 958 ADVERSVS
1153 905 1570 959 MARCIONEM

926 1005 1087 1049 LIBRI
1121 1005 1403 1059 QVINQVE.

907 1166 1115 1210 LIBER
1146 1167 1417 1210 PRIMVS.

302 1276 346 1327 1.
391 1242 457 1324 Si
506 1272 631 1339 quid
675 1275 808 1322 retro
866 1273 1072 1338 gestum
1129 1273 1208 1322 est
1261 1272 1410 1323 nobis
1467 1273 1716 1325 aduersus
1764 1273 2089 1334 Marcionem,
2143 1296 2161 1323 5

228 1364 329 1413 iam
370 1362 488 1412 hinc
527 1360 731 1411 uiderit.
777 1375 964 1411 nouam
1005 1375 1112 1410 rem
1153 1359 1481 1426 adgredimur
1527 1377 1584 1412 ex
1631 1363 1822 1412 uetere.
1870 1361 2089 1428 primum

226 1450 537 1516 opusculum
564 1447 711 1513 quasi
734 1449 1061 1513 properatum
1087 1446 1314 1513 pleniore
1339 1449 1519 1513 postea
1547 1448 1919 1514 compositione
1943 1449 2092 1500 resci-

226 1538 413 1588 deram.
447 1537 577 1586 hanc
611 1550 813 1601 quoque
844 1533 1070 1585 nondum
1104 1535 1428 1600 exemplariis
1462 1535 1730 1587 suffectam
1763 1535 1939 1586 fraude
1970 1539 2092 1586 tunc

222 1625 412 1687 fratriS,
448 1624 634 1674 dehinc
667 1625 948 1689 apostatae,
985 1622 1152 1684 amisi,
1186 1622 1273 1688 qui
1305 1622 1436 1674 fort-e
1469 1622 1811 1689 descripserat
1843 1623 2090 1690 quaedam

222 1711 619 1764 mendosissime
661 1717 712 1761 et
751 1711 981 1762 exhibuit
1012 1710 1350 1776 frequentiae.
1394 1711 1769 1762 emendationis
1809 1711 2090 1763 necessitas
2122 1733 2164 1765 ιο

216 1801 352 1852 facta
391 1803 471 1852 est
507 1799 869 1851 innouationis.
917 1799 1028 1849 eius
1071 1798 1271 1850 occasio
1321 1799 1518 1865 aliquid
1565 1799 1764 1850 adicere
1811 1800 2082 1866 persuasit.

215 1889 289 1939 ita
325 1888 478 1940 stilus
516 1888 617 1939 iste
657 1903 790 1939 nunc
832 1887 892 1938 de
940 1887 1165 1939 secundo
1205 1887 1391 1938 tertius
1433 1889 1483 1938 et
1522 1887 1582 1937 de
1622 1887 1775 1939 tertio
1817 1886 1920 1937 iam
1967 1886 2086 1937 hinc

212 1976 409 2042 primus
465 1975 600 2026 hunc
657 1975 896 2041 opusculi
952 1975 1034 2026 sui
1088 1975 1280 2025 exitum
1335 1975 1625 2026 necessario
1682 1974 1959 2041 praefatur,
2022 1989 2083 2024 ne

214 2079 366 2130 quem
406 2062 631 2114 uarietas
673 2063 783 2114 eius
823 2063 875 2113 in
916 2062 1146 2130 disperso
1186 2065 1391 2128 reperta
1430 2062 1721 2114 confundat.

286 2151 483 2202 Pontus
516 2150 690 2217 igitur,
725 2151 813 2216 qui
836 2151 1065 2201 Euxinus
1098 2153 1281 2202 natura
1312 2152 1545 2217 negatur,
1580 2150 1785 2201 nomine
1814 2149 2082 2201 inluditur.
2117 2170 2157 2202 15

215 2241 439 2290 ceterum
480 2238 791 2305 hospitalem
831 2238 1051 2289 Pontum
1093 2254 1184 2289 nec
1225 2238 1285 2289 de
1326 2238 1430 2289 situ
1472 2238 1738 2299 aestimes3
1778 2238 1852 2288 ita
1891 2238 1951 2289 ab
1993 2237 2082 2288 hu-

274 2398 293 2439 1
327 2395 553 2440 INCIPIT
584 2395 888 2438 ADVERSVS
920 2394 1191 2438 MARCION
1221 2394 1399 2437 LIBER
1430 2395 1648 2438 PRIMVS
1679 2396 1748 2451 M,
1779 2395 1944 2451 Incipit
1971 2397 2085 2439 liber

212 2471 378 2526 primus
413 2468 464 2522 Q.
489 2469 678 2525 Septimi
701 2469 922 2511 Florentis
946 2468 1208 2511 Tertulliani
1241 2468 1452 2511 aduersus
1483 2469 1747 2511 Marcionem
1779 2469 1829 2511 F
1915 2471 1967 2513 10
1997 2470 2082 2512 fre-

214 2543 435 2598 quentiae.
470 2542 790 2585 emendationis
822 2543 878 2597 R,
917 2542 1139 2597 frequenti
1170 2541 1517 2584 aemendationis
1548 2542 1616 2597 M,
1657 2542 1928 2598 frequentiae
1960 2557 2081 2585 men-

215 2616 406 2658 dationis
453 2615 502 2658 F
619 2616 666 2657 11
725 2615 844 2657 facta
898 2618 978 2658 est.
1033 2615 1337 2657 innouationis
1390 2616 1525 2670 uulyo
1657 2616 1708 2657 12
1763 2615 2085 2671 Sinyularibus

211 2689 347 2732 huius
387 2689 533 2743 operis
564 2689 700 2744 fatis,
741 2703 857 2743 quae
902 2689 974 2731 hic
1019 2694 1209 2732 enarrat
1252 2689 1578 2743 Tertullianus,
1608 2691 1790 2744 factum
1828 2704 1916 2732 esse
1952 2696 2080 2744 puto,

212 2767 263 2804 ut
309 2762 437 2804 haud
479 2776 589 2804 raro
627 2763 679 2804 de
716 2763 915 2805 secunda
959 2762 1153 2805 editione
1199 2775 1228 2803 a
1272 2764 1420 2805 nescio
1473 2776 1559 2818 quo
1611 2764 1662 2805 in
1707 2766 2084 2818 comparationem

209 2839 377 2878 uocata
409 2835 567 2889 aliqua
597 2836 649 2877 in
679 2836 798 2878 hanc
829 2837 1007 2878 tertiam
1038 2836 1374 2878 transmearint.
1404 2836 1705 2879 inueniuntur
1733 2838 1861 2890 enim,
1885 2836 1936 2879 id
1963 2837 2083 2891 quod

203 2908 382 2962 priores
413 2907 601 2950 editores
634 2907 814 2949 omnino
835 2907 1010 2962 fugisse
1038 2907 1231 2961 uidetur,
1265 2908 1336 2950 hic
1365 2908 1462 2951 illic
1491 2909 1584 2950 eius
1615 2908 1889 2951 condicionis
1912 2909 2010 2962 loci,
2030 2911 2081 2951 in

209 2981 369 3035 quibus
407 2980 560 3022 eadem
606 2985 872 3035 aryumenta
903 2985 944 3023 et
975 2981 1155 3023 breuius
1193 2985 1234 3023 et
1272 2981 1496 3035 copiosius
1532 2981 1746 3024 edisserta
1782 2987 2078 3036 compareant.

206 3054 286 3096 sed
315 3067 414 3096 cum
429 3053 694 3108 plerumque
717 3053 918 3108 diynosci
939 3054 1034 3095 iam
1056 3068 1150 3096 non
1176 3054 1321 3107 liceat,
1346 3067 1462 3108 quae
1475 3054 1662 3109 prioris,
1687 3068 1802 3109 quae
1816 3055 2080 3108 posterioris

206 3127 299 3169 sint
316 3126 536 3177 editionis,
550 3126 664 3168 satis
677 3126 819 3168 habui
829 3127 878 3168 in
891 3127 1128 3169 uerborum
1144 3131 1351 3169 contemtu
1363 3140 1478 3180 quae
1494 3127 1665 3181 duplici
1665 3128 1823 3181 forma
1836 3128 2077 3182 composita

201 3201 501 3254 proferuntur
533 3200 661 3242 lineis
690 3200 984 3242 uerticalibus
1005 3199 1247 3253 includere,
1270 3201 1467 3255 maryini
1488 3201 1643 3254 priore
1667 3201 1760 3244 loco
1783 3201 1969 3255 siymate
1990 3199 2075 3254 (C),

199 3272 447 3327 posteriore
464 3273 749 3327 antisiqmate
766 3272 839 3325 (O)
857 3272 1097 3326 adscripto.
1116 3273 1488 3326 interpolationes
1511 3277 1671 3326 autem,
1694 3273 1949 3316 necessitate
1963 3287 2073 3327 qua-

209 3345 314 3386 dam
338 3349 463 3387 ortas
486 3345 536 3387 in
560 3345 644 3387 hac
667 3358 815 3387 rerum
839 3345 1109 3396 condicione,
1126 3351 1177 3388 ut
1201 3349 1242 3387 et
1263 3345 1391 3395 alibi,
1409 3345 1589 3388 uncinis
1604 3346 1778 3388 seclusi.
1850 3347 1900 3388 15
1924 3347 2074 3404 igitur,

205 3418 283 3465 qui
308 3417 383 3468 12³,
412 3417 486 3472 qui
511 3418 651 3473 igitur
673 3416 806 3472 MR1,
832 3418 907 3472 qui
933 3417 1095 3460 dicitur
1109 3418 1201 3473 Rz‘y
1290 3422 1450 3460 natura
1473 3431 1555 3460 om.
1575 3417 1637 3461 R1
1701 3419 1752 3460 16
1771 3418 2000 3473 ospitalem
2020 3419 2077 3460 M
