2248 3646
178 271 281 320 222
558 266 748 319 Quinti
782 266 1011 321 Septimi
1043 266 1321 308 Florentis
1355 265 1687 309 Tertulliani

174 428 307 479 illud
360 427 522 478 fuisse
578 427 714 493 quod
768 441 803 476 δὲ
866 426 1181 493 pronuntiat,
1238 429 1289 477 et
1345 427 1525 478 deinde
1582 444 1639 479 ex
1691 428 1783 479 illa
1837 430 2052 481 monade

174 517 294 578 duo,
358 531 416 567 ac
471 515 653 566 deinde
707 516 936 580 reliquos
991 516 1208 566 Aeonas.
1302 514 1482 566 deinde
1538 515 1822 568 introducit
1884 520 2050 568 totum.

176 603 528 655 Valentinum.

248 693 295 743 5.
331 691 449 743 Non
498 691 772 743 defuerunt
817 694 938 757 post
983 691 1080 742 hoc
1119 691 1327 742 Marcus
1378 691 1583 758 quidam
1635 695 1684 744 et
1726 691 2051 755 Colarhamm,

171 797 359 832 nouam
393 781 647 832 haeresim
690 797 747 831 ex
782 779 1094 832 Graecorum
1132 780 1405 847 alphabeto
1442 783 1823 847 componentes.
1864 784 2054 848 negant

174 869 309 920 enim
348 869 621 920 ueritatem
666 869 774 919 sine
813 868 932 919 istis
973 883 1126 934 posse
1166 867 1356 919 litteris
1397 868 1635 928 inueniri,
1683 868 1843 919 immo
1891 873 2053 921 totam

169 957 547 1024 plenitudinem
597 959 649 1008 et
691 956 1063 1022 perfectionem
1124 956 1359 1007 ueritatis
1416 957 1466 1007 in
1522 957 1640 1008 istis
1695 957 1884 1008 litteris
1940 973 2053 1008 esse

172 1046 496 1112 dispositam.
537 1047 745 1110 propter
786 1045 917 1095 hane
960 1044 1096 1095 enim
1132 1060 1342 1096 causam
1379 1044 1643 1095 Christum
1679 1045 1892 1096 dixisse:
1936 1061 2051 1113 ego

172 1151 310 1186 sum
343 1134 388 1184 A
431 1136 492 1185 et
524 1131 579 1184 Ω.
613 1134 832 1200 denique
865 1134 967 1200 <in>
999 1134 1174 1184 Iesum
1210 1133 1475 1185 Christum
1511 1133 1856 1197 descendisse,
1888 1134 1942 1185 id
1975 1137 2055 1186 est

169 1223 465 1275 columbam
504 1222 555 1273 in
595 1223 771 1273 Iesum
810 1221 1035 1282 uenisse,
1078 1237 1206 1288 quae
1251 1220 1445 1273 Graeco
1485 1222 1691 1274 nomine
1734 1238 1850 1274 cum
1890 1239 2050 1290 περισ-
2084 1241 2126 1272 10

168 1310 286 1378 τεροί
325 1311 688 1377 pronuntietur
734 1310 921 1362 habere
972 1326 1148 1361 secum
1187 1311 1324 1361 hunc
1376 1326 1651 1361 numerum
1696 1315 1894 1363 DCCCL
1942 1327 2052 1378 per-

172 1402 387 1451 currunt
442 1399 531 1451 isti
580 1395 637 1461 Ω,
687 1395 756 1459 Ψ,
806 1395 868 1460 X,
920 1395 988 1460 Φ,
1038 1399 1099 1461 Y,
1149 1394 1205 1460 T,
1255 1400 1426 1451 totum
1478 1415 1641 1465 usque
1699 1399 1762 1450 ad
1800 1397 1859 1462 B,
1909 1399 1954 1450 A
2002 1402 2053 1451 et

166 1490 472 1554 computant
526 1487 786 1555 ogdoadas
841 1490 891 1538 et
954 1486 1173 1538 decadas
1229 1487 1317 1548 ita,
1375 1488 1553 1537 afferre
1608 1488 1818 1538 illorum
1874 1504 2049 1540 omnes

167 1576 423 1626 uanitates
464 1578 524 1626 ut
563 1576 796 1642 ineptum
839 1575 909 1625 sit
949 1579 1000 1625 et
1039 1575 1282 1626 otiosum.
1326 1575 1464 1640 quod
1505 1578 1676 1626 tamen
1717 1591 1813 1627 non
1848 1578 2049 1628 tantum

164 1666 269 1714 iarn
309 1679 519 1726 uanum,
562 1663 654 1714 sed
695 1663 850 1713 etiam
883 1662 1238 1728 periculosum
1272 1663 1363 1713 sit:
1409 1664 1629 1714 alterum
1664 1664 1815 1715 deum
1848 1665 2050 1731 fingunt
2082 1679 2124 1712 15

164 1757 366 1818 praeter
398 1755 693 1802 creatorem,
736 1750 1002 1801 Christum
1034 1750 1085 1801 in
1120 1750 1415 1802 substantia
1447 1756 1638 1818 negant
1670 1753 1837 1804 carnis
1869 1752 2049 1815 fuisse,

166 1845 356 1907 negant
395 1839 559 1890 carnis
599 1840 1030 1890 resurrectionem
1069 1839 1314 1892 futuram.

241 1931 287 1980 6,
344 1928 564 1980 Accedit
607 1928 687 1979 his
740 1927 937 1980 Cerdon
989 1928 1214 1993 quidam.
1264 1928 1348 1980 hic
1402 1928 1690 1980 introducit
1734 1929 1881 1980 initia
1930 1929 2046 1995 duc,

163 2017 220 2068 id
269 2019 348 2067 est
389 2017 517 2068 duos
568 2017 708 2079 deOS,
757 2033 919 2067 unum
966 2016 1159 2068 bonum
1208 2019 1258 2068 et
1305 2016 1524 2068 alterum
1573 2032 1805 2080 saeuum,
1852 2018 2047 2069 bonum

161 2106 500 2172 superiorem,
558 2120 772 2157 saeuum
828 2105 965 2156 hunc
1020 2104 1201 2155 mundi
1257 2108 1555 2158 creatorem.
1609 2104 1694 2157 hic
1747 2105 2045 2172 prophetias
2078 2121 2121 2153 20

164 2196 215 2244 et
275 2192 448 2260 legem
510 2193 765 2259 repudiat,
838 2192 930 2244 deo
996 2193 1213 2244 creatori
1273 2192 1551 2255 renuntiat,
1621 2193 1902 2262 superioris
1966 2193 2046 2244 dei

160 2281 328 2333 filium
386 2281 651 2333 Christum
704 2281 911 2332 uenisse
974 2283 1180 2342 tractat,
1236 2281 1372 2332 hunc
1424 2280 1475 2332 in
1530 2280 1825 2332 substantia
1879 2281 2043 2332 carnis

163 2372 334 2437 negat,
397 2370 448 2420 in
510 2369 873 2434 phantasmate
930 2370 1039 2420 solo
1099 2369 1260 2421 fuisse
1314 2369 1632 2436 pronuntiat²
1689 2384 1781 2420 nec
1837 2370 2042 2420 omnino

160 2474 392 2524 passum⁷
437 2458 525 2508 sed
560 2457 707 2523 quasi
740 2473 970 2522 passum,
1013 2473 1105 2509 nec
1138 2473 1196 2509 ex
1227 2458 1428 2524 uirgine
1468 2461 1665 2519 natum,
1708 2458 1797 2510 sed
1838 2457 2041 2508 omnino

160 2562 252 2596 nec
286 2548 480 2597 natum.
514 2546 943 2597 resurrectionem
973 2547 1172 2597 animae
1197 2546 1556 2597 tantummodo
1582 2545 1781 2612 probat,
1815 2546 2040 2611 corporis
2072 2561 2113 2594 25

159 2637 328 2702 negat.
396 2634 565 2685 solum
623 2634 953 2702 euangelium
1006 2633 1176 2685 Lucae
1245 2650 1338 2685 nec
1393 2636 1564 2685 tamen
1620 2635 1790 2685 totum
1844 2633 2040 2701 recipit.

310 2749 353 2805 8]
387 2751 521 2805 Apoc.
557 2750 594 2802 1,
627 2749 667 2792 8.
761 2749 974 2803 18-223,
1007 2749 1051 2805 2]
1089 2749 1141 2792 ef.
1173 2749 1289 2795 Iren.
1320 2749 1342 2791 Ι
1375 2750 1444 2803 27,
1473 2750 1513 2793 1.

218 2839 237 2880 1
271 2837 562 2891 (dominum)
589 2838 848 2892 pronuntiat
879 2838 918 2880 1.
943 2837 1012 2879 Μ.
1037 2836 1193 2880 Routh
1219 2841 1289 2889 (em
1312 2837 1579 2893 Phila-stro),
1612 2838 1690 2881 sed
1718 2839 1774 2893 cf.
1799 2838 2034 2893 Epiphan.

156 2915 234 2961 36,
260 2914 316 2954 2:
345 2908 620 2966 ἄνθρωπον
655 2910 697 2952 δὲ
733 2909 883 2966 φάσκει
916 2906 1020 2952 εἶναι
1051 2912 1121 2952 τὸν
1156 2907 1243 2951 ἄνω
1276 2916 1361 2953 τῶν
1386 2911 1498 2953 ὅλων
1531 2912 1705 2967 πατέρα,
1731 2908 1776 2952 ὃν
1800 2910 2036 2954 καὶΒυθὸν

154 2983 469 3041 προσηγόρευσε
589 2984 667 3026 illa
698 2984 756 3032 R,
797 2984 874 3026 illo
907 2984 1045 3027 PNF
1138 2985 1163 3026 2
1204 2984 1364 3027 deinde
1397 2986 1494 3038 (alt.
1528 2985 1639 3038 loco>
1670 2983 1774 3035 PN,
1817 2984 1870 3027 de
1909 2985 1955 3026 ui
1992 2984 2042 3026 F

153 3059 182 3099 4
212 3060 314 3113 post
344 3057 427 3099 hoc
452 3057 554 3111 ΡΝ,
587 3060 688 3113 post
710 3058 758 3100 h⁰
789 3057 846 3111 F,
872 3060 976 3113 post
998 3058 1078 3100 hos
1103 3057 1300 3113 Ruulyo
1392 3059 1417 3101 9
1452 3057 1642 3113 denique
1678 3078 1732 3094 Ξ
1763 3072 1872 3101 nam
1988 3059 2034 3100 in

156 3118 341 3172 addidi:
384 3130 603 3186 intelleye:
644 3131 688 3172 in
727 3130 874 3173 Iesum
907 3130 1184 3174 descendisse
1218 3130 1462 3183 Christum;
1505 3132 1611 3174 olim
1640 3132 1781 3175 uerba
1811 3133 1953 3175 Iesum
1988 3138 2030 3175 ct

151 3203 436 3246 descendisse
474 3205 632 3257 spuria
669 3204 930 3246 iudicabam
1021 3204 1076 3247 10
1115 3217 1228 3259 quae
1263 3203 1429 3248 Graeco
1468 3206 1647 3248 nomine
1684 3218 1773 3260 sqq.
1812 3206 2033 3262 intelleye:

152 3277 355 3320 Christus
374 3298 427 3314 z
448 3293 475 3318 α
491 3277 548 3334 -†-
565 3295 598 3319 ω
633 3299 686 3314 =
713 3279 817 3330 801;
852 3279 1074 3335 περιστερά
1091 3299 1145 3316 =
1162 3279 1484 3337 801Ξα-1-ως
1503 3272 1827 3336 θνροῧήγίεΐαε
1844 3301 1898 3317 =
1916 3297 2029 3337 περι-

153 3349 294 3405 στερά.
359 3352 406 3393 11
437 3365 583 3394 secum
606 3351 723 3394 hunc
747 3352 876 3395 Scal:
902 3352 1141 3402 secundum
1164 3352 1308 3395 PNF
1381 3354 1432 3395 12
1460 3353 1509 3405 Β,
1527 3353 1566 3395 A
1588 3354 1770 3408 scripsi:
1793 3353 2031 3410 alphabeta

150 3422 299 3478 PNF,
337 3424 448 3479 A‚„13
480 3424 524 3467 R
548 3426 682 3481 καῖρε)
761 3425 812 3468 13
840 3424 1026 3468 decadas
1051 3426 1115 3468 ita
1137 3426 1265 3482 Evzy:
1302 3426 1503 3471 decadas,
1528 3427 1592 3469 ita
1622 3428 1757 3483 uulyo
1876 3427 2030 3471 afferre

148 3496 207 3547 R,
235 3496 402 3539 auferre
433 3497 577 3539 PNF
658 3499 711 3541 14
741 3501 791 3541 ut
820 3498 967 3551 PNF,
1003 3502 1049 3542 et
1077 3500 1172 3542 Iun
1257 3500 1309 3543 16
1341 3503 1510 3555 negant
1541 3513 1623 3543 om.
1655 3500 1703 3542 F
