2248 3646
436 255 525 299 V11.
558 256 819 298 Aduersus
849 256 1158 297 Marcionem
1189 257 1261 298 lib.
1293 256 1381 297 1111
1410 258 1589 299 40-41,
1813 262 1909 311 561

113 411 337 462 homines
371 411 429 461 de
461 412 561 460 uini
595 412 771 462 rubore
804 411 1125 461 descendunt.
1166 412 1324 461 multo
1359 413 1675 463 manifestius
1703 413 1912 465 Genesis

111 496 162 545 in
214 496 557 546 benedictione
603 496 772 556 Iudae,
828 512 881 545 ex
929 496 1069 546 cuius
1115 496 1248 546 tribu
1295 498 1454 547 carnis
1503 513 1680 547 census
1729 498 1914 549 Christi

112 595 453 645 processuruS,
498 580 596 629 iarn
635 584 752 631 tunc
792 580 1047 630 Christum
1084 581 1133 629 in
1171 581 1296 630 Iuda
1335 581 1627 632 deliniabat:
1667 583 1913 645 lauabit,

111 666 289 730 inquit,
328 665 382 714 in
421 665 554 714 uino
597 666 810 717 stolam
851 681 1011 715 suam
1053 668 1109 714 et
1146 666 1203 716 in
1238 667 1529 731 sanguine
1562 683 1709 717 uuae
1744 668 1911 717 amic-

65 761 82 791 5
112 755 230 799 tum
274 766 457 810 suum,
498 750 676 799 stolam
711 753 759 799 et
789 750 1026 799 amictum
1059 765 1251 800 carnem
1285 751 1627 801 demonstrans
1662 755 1710 802 et
1740 753 1912 802 uinum

114 836 418 900 sanguinem.
465 835 536 884 ita
574 838 622 885 et
660 851 786 885 nunc
829 835 1118 900 sanguinem
1159 851 1305 885 sunm
1345 836 1393 885 in
1442 837 1556 887 uino
1605 838 1916 887 consecrauit

114 921 196 984 qui
236 924 352 970 tunc
390 921 562 969 uinum
600 920 647 969 in
689 920 977 986 sanguinem
1020 920 1272 985 figurauit.

182 1007 262 1054 41.
305 1004 435 1061 Vae,
483 1005 566 1065 ait,
615 1020 713 1069 per
760 1021 924 1069 quem
971 1006 1230 1055 traditur
1267 1005 1439 1055 filius
1482 1006 1754 1056 hominis.
1797 1022 1910 1072 ergo

109 1091 205 1139 iam
233 1091 357 1140 ‘uae>
380 1092 574 1140 constat
595 1090 965 1154 imprecationis
1000 1093 1049 1140 et
1080 1091 1480 1141 comminationis
1511 1092 1915 1142 inclamationem

42 1186 81 1216 10
110 1175 496 1239 intellegendam
552 1177 601 1224 et
644 1176 767 1225 irato
817 1178 866 1224 et
912 1177 1097 1226 offenso
1145 1176 1492 1241 deputandam,
1549 1177 1645 1226 nisi
1686 1180 1728 1227 si
1765 1177 1913 1227 Iudas

109 1261 311 1325 impune
358 1264 461 1310 erat
505 1263 697 1310 tantum
746 1261 945 1312 sceleris
991 1262 1250 1311 relaturus.
1299 1265 1349 1311 at
1401 1261 1443 1311 si
1494 1262 1715 1326 impune,
1770 1266 1916 1311 uacat

110 1347 255 1406 ‘uae'3
298 1346 337 1394 si
376 1361 470 1395 non
509 1346 724 1410 impune,
765 1347 937 1410 utique
973 1348 1031 1395 ab
1066 1362 1120 1396 eo
1154 1347 1449 1412 puniendUS,
1481 1348 1529 1396 in
1570 1363 1717 1411 quem
1751 1349 1914 1397 scelus

110 1430 393 1480 traditionis
434 1431 650 1481 admisit.
688 1445 831 1496 porro
873 1432 915 1481 si
947 1433 1108 1482 sciens
1141 1448 1320 1496 passus
1354 1435 1430 1482 est
1459 1433 1727 1491 hominem,
1770 1448 1914 1497 quem

110 1514 216 1579 ipse
257 1515 516 1564 comitatui
564 1532 652 1565 suo
701 1516 999 1577 adsciuerat,
1052 1517 1100 1566 in
1147 1519 1341 1566 tantum
1390 1517 1555 1567 scelus
1601 1532 1758 1577 ruere,
1814 1518 1914 1567 noli

41 1588 79 1642 15
108 1599 206 1652 iam
246 1600 303 1649 de
344 1603 561 1650 creatore
600 1601 731 1650 circa
766 1602 925 1652 Adam
964 1604 1228 1651 retractare
1269 1617 1394 1666 quae
1431 1603 1480 1652 in
1525 1606 1671 1655 tuum
1719 1617 1914 1666 quoque

111 1683 257 1735 deum
287 1688 654 1750 retorquentur:
682 1689 767 1736 aut
795 1688 1054 1752 ignorasse
1084 1688 1245 1749 illum,
1279 1688 1364 1752 qui
1394 1703 1489 1738 non
1522 1704 1576 1737 ex
1601 1688 1912 1752 prouidentia

112 1770 308 1820 obstitit
331 1773 612 1834 peccatum,
638 1775 725 1822 aut
749 1772 991 1822 obsistere
1015 1788 1110 1822 non
1135 1773 1377 1838 potuisse,
1405 1773 1447 1823 si
1469 1773 1616 1838 (non)
1638 1774 1914 1838 ignorabat,

113 1860 199 1906 aut
241 1857 480 1918 noluisse,
536 1858 577 1907 si
618 1861 667 1907 et
713 1858 903 1907 sciebat
947 1862 996 1907 et
1039 1861 1249 1923 poterat,
1304 1861 1452 1923 atque
1497 1860 1568 1908 ita
1605 1858 1911 1908 malitiosum

109 1941 446 2003 iudicandum,
495 1943 579 2007 qui
624 1959 803 2008 passus
844 1943 911 1994 sit
947 1939 1200 1994 hominem
1239 1959 1386 1994 suurn
1427 1959 1480 1994 ex
1520 1944 1700 1994 delicto
1739 1943 1913 2008 perire.

42 2038 82 2068 20
113 2027 295 2078 suadeo
322 2027 477 2093 igitur
501 2043 742 2093 agnoscas
773 2029 943 2094 potius
976 2033 1025 2078 et
1054 2029 1102 2078 in
1134 2030 1232 2079 isto
1266 2032 1536 2080 creatorem
1568 2045 1715 2093 quam
1746 2043 1914 2093 parem

109 2113 183 2162 illi
222 2113 370 2163 deum
409 2114 657 2178 optimum
695 2114 936 2168 aduersus
977 2116 1274 2165 sententiam
1311 2117 1449 2164 tuam
1495 2114 1663 2164 facias.
1707 2130 1820 2163 nam
1868 2116 1916 2163 et

110 2199 313 2247 Petrum
344 2200 738 2264 praesumptorie
771 2200 959 2264 aliquid
990 2201 1244 2250 elocutum
1276 2200 1529 2265 negationi
1559 2200 1727 2264 potius
1767 2198 1914 2248 desti-

110 2283 269 2333 nando
317 2284 506 2334 zeloten
553 2284 701 2334 deum
739 2285 831 2335 tibi
871 2280 1103 2335 ostendit.
1153 2285 1327 2335 debuit
1371 2285 1521 2335 etiarn
1562 2284 1732 2334 osculo
1771 2283 1914 2343 tradi,

113 2369 432 2433 propheticus
472 2370 664 2420 scilicet
703 2369 947 2430 Christus
986 2374 1045 2421 ut
1082 2371 1187 2421 eius
1229 2370 1420 2420 scilicet
1456 2370 1609 2431 filius,
1650 2370 1733 2434 qui
1771 2368 1915 2418 labiis

41 2464 81 2495 25
114 2470 140 2503 a
170 2455 354 2519 populo
388 2455 705 2521 diligebatur.
814 2456 1092 2507 Perductus
1124 2456 1174 2506 in
1215 2470 1522 2515 consessum,
1556 2471 1615 2504 an
1645 2455 1752 2518 ipse
1785 2456 1918 2503 esset

115 2539 361 2600 Christus,
401 2541 748 2606 interrogatur.
790 2541 848 2591 de
887 2557 982 2605 quo
1025 2541 1221 2591 Christo
1260 2541 1431 2590 Iudaei
1470 2540 1784 2604 quaesissent
1821 2539 1918 2588 nisi

114 2626 172 2675 de
225 2629 349 2676 suo?
404 2641 489 2676 cur
536 2641 649 2692 ergo
699 2642 794 2677 non
833 2628 916 2677 uel
954 2631 1074 2677 tunc
1114 2628 1265 2677 alium
1306 2627 1376 2676 eis
1415 2625 1666 2690 prodidit?
1706 2627 1777 2673 ‘ut
1812 2624 1916 2687 pati

111 2713 314 2774 posset’,
354 2712 536 2776 inquis,
585 2712 637 2762 id
684 2716 775 2773 est,
830 2716 887 2763 ut
930 2713 1016 2763 ille
1064 2713 1284 2776 optimus
1330 2712 1615 2777 ignorantes
1663 2710 1825 2760 adhuc
1867 2709 1916 2757 in

114 2798 278 2847 scelus
303 2800 563 2863 mergeret.
596 2797 766 2862 atquin
793 2801 841 2848 et
867 2797 908 2848 si
941 2797 1159 2860 dixisset,
1183 2811 1425 2862 passurus
1454 2799 1604 2846 esset.
1638 2796 1687 2846 si
1719 2795 1914 2844 dixero

253 2922 294 2976 2]
328 2921 379 2966 cf.
414 2922 517 2964 Gen.
548 2924 615 2976 49,
649 2922 712 2964 10.
802 2923 844 2977 3]
880 2922 981 2964 Gen.
1014 2923 1081 2975 49,
1116 2922 1179 2963 11.
1262 2920 1391 2986 8]‘cf.
1422 2920 1522 2963 Luc.
1556 2920 1622 2972 22,
1654 2919 1726 2969 223
1760 2918 1914 2960 Matth.

114 2994 181 3046 26,
210 2994 284 3046 243
314 2994 440 3035 Marc.
476 2995 540 3044 14,
571 2993 637 3037 21.
739 2993 810 3047 22]
845 2993 896 3034 cf.
926 2993 1028 3034 Luc.
1059 2993 1126 3045 22,
1158 2992 1338 3034 33—34.
1429 2990 1496 3044 23]
1532 2990 1582 3031 cf.
1613 2988 1713 3030 Luc.
1746 2990 1814 3041 22,
1846 2989 1914 3029 47.

114 3065 185 3118 24]
218 3064 271 3106 cf.
300 3063 371 3106 Es.
404 3065 470 3117 29,
504 3064 569 3107 13.
656 3064 727 3117 25]
762 3064 811 3107 cf.
845 3064 944 3105 Luc.
976 3064 1043 3117 22,
1076 3063 1255 3105 66—-67,
1344 3061 1415 3114 29]
1448 3061 1550 3101 Luc.
1582 3060 1649 3112 22,
1681 3059 1749 3101 67.

171 3150 191 3189 1
218 3147 483 3190 descendunt
505 3148 570 3202 M,
596 3147 856 3189 descendant
877 3147 1064 3201 Ruulyo
1124 3147 1148 3188 3
1177 3146 1333 3198 <erat>
1358 3156 1629 3199 processurus
1644 3142 1754 3193 fort.
1845 3140 1915 3181 de·

111 3218 294 3260 liniabat
315 3217 444 3266 MRss,
469 3218 711 3260 declinabat
731 3217 793 3261 R1
865 3220 887 3259 7
914 3218 1161 3272 sanguinem
1191 3216 1367 3269 scripsi:
1397 3214 1603 3268 sanguine
1626 3212 1724 3254 MR
1799 3212 1845 3252 11
1874 3214 1917 3251 at

112 3290 284 3342 scripsi:
318 3292 392 3330 aut
421 3289 518 3331 MR
620 3289 670 3330 17
703 3302 785 3330 non
820 3289 975 3330 addidi
1074 3288 1126 3328 25
1157 3286 1386 3340 productus
1418 3286 1509 3325 Iun
1594 3283 1647 3324 26
1680 3281 1918 3336 quaesisset

119 3358 322 3402 Oehlerus

158 3459 366 3489 xxxxvn.
392 3459 486 3489 Tert.
511 3459 576 3488 111.
1809 3435 1860 3476 36
