2248 3646
182 198 286 249 394
568 191 755 244 Quinti
789 190 1018 245 Septimi
1048 187 1323 230 Florentis
1356 186 1684 228 Tertulliani

186 352 310 419 quid
358 350 489 401 enim
539 347 733 415 profuit
778 363 875 397 non
921 362 1041 396 uere
1091 344 1252 396 fuisse
1294 343 1428 409 quod
1467 358 1556 408 pro
1597 360 1717 394 uero
1758 344 2045 405 haberetur,

185 444 292 491 tam
334 454 534 489 carnem
578 453 727 502 quam
770 434 1130 485 natiuitatem‘?
1185 435 1273 483 aut
1314 433 1358 483 si
1397 431 1605 483 dixeris:
1651 431 1837 482 uiderit
1878 433 2045 498 opinio

188 528 428 588 humana,
469 526 571 576 iam
620 525 772 575 deum
811 525 960 574 tuum
999 522 1217 571 honoras
1257 519 1488 570 fallaciae
1527 520 1697 582 titulo,
1740 521 1782 570 si
1824 521 1961 572 aliud
1994 537 2046 571 se

188 614 384 666 sciehat
438 628 550 663 esse
613 628 762 676 quam
826 610 960 676 quod
1021 609 1254 659 homines
1316 608 1508 658 fecerat
1568 608 1777 673 opinari.
1838 608 1937 659 iam
1991 611 2047 659 tu

186 701 405 769 potuisti
445 700 599 750 etiam
640 699 963 749 natiuitatem
1004 697 1295 763 putatiuam
1326 696 1403 746 illi
1436 695 1867 756 accommodasse,
1908 712 1969 746 ne
1998 697 2047 746 in

189 790 318 840 hanc
374 804 575 854 quoque
630 787 937 854 impegisses
1001 784 1367 849 quaestionem.
1430 800 1545 834 nam
1608 786 1658 833 et
1717 784 2048 834 mulierculae

189 893 578 942 nonnumquam
617 876 950 942 praegnantes
993 872 1090 923 sibi
1128 871 1385 932 uidentur,
1428 874 1516 921 aut
1556 872 1817 937 sanguinis
1856 871 2048 921 tributo

190 968 280 1016 aut
311 965 482 1030 aliqua
512 963 798 1015 ualitudine
832 961 1051 1012 inflatae.
1096 964 1146 1011 et
1175 960 1355 1025 utique
1396 959 1638 1011 debuerat
1677 959 2050 1026 phantasmatis

192 1069 426 1104 scaena-m
474 1050 842 1111 decucurrisse,
883 1065 944 1099 ne
993 1047 1238 1115 originem
1280 1048 1442 1098 carnis
1482 1063 1578 1098 non
1619 1048 1927 1098 desaltasset
1966 1046 2052 1111 qui

189 1155 457 1206 personam
520 1138 840 1189 substantiae
894 1137 1056 1201 ipsius
1113 1135 1319 1202 egisset.
1374 1136 1521 1200 plane
1576 1137 1862 1187 natiuitatis
1915 1150 2051 1185 men-

192 1228 392 1279 dacium
435 1227 711 1278 recusasti:
751 1226 916 1292 ipsam
952 1224 1083 1275 enim
1118 1240 1313 1274 carnem
1348 1240 1521 1274 ueram
1557 1225 1777 1276 edidisti.
1819 1225 2051 1291 turpissi-

192 1333 335 1367 mum
384 1315 582 1366 scilicet
637 1314 716 1364 dei
772 1314 924 1364 etiam
988 1328 1108 1362 uera
1160 1312 1418 1363 natiuitas.
1473 1327 1566 1378 age
1612 1313 1730 1373 iam,
1778 1329 1954 1379 perora
1999 1313 2049 1363 in

190 1406 281 1455 illa
320 1403 647 1455 sanctissima-
686 1408 736 1452 et
774 1400 1050 1452 reuerenda
1084 1416 1234 1464 opera
1265 1402 1490 1461 naturae,
1529 1401 1769 1451 inuehere
1800 1402 1849 1451 in
1881 1403 2050 1450 totum

195 1493 329 1558 quod
370 1508 446 1551 es;
490 1491 652 1542 carnis
693 1492 846 1554 atque
888 1489 1083 1539 animae
1125 1489 1370 1554 originem
1405 1488 1633 1545 destrue;
1668 1489 1905 1542 cloacam,
1925 1503 2053 1539 uoca

193 1584 414 1641 uterum,
462 1579 590 1629 tanti
631 1578 881 1638 animalis,
920 1577 972 1627 id
1013 1578 1090 1627 est
1134 1576 1374 1638 hominis,
1422 1576 1732 1641 producendi
1774 1575 2049 1633 officinam:

193 1683 496 1733 persequere
537 1668 586 1717 et
624 1669 800 1731 partus
839 1664 1084 1714 inmunda
1124 1666 1174 1714 et
1211 1663 1447 1729 pudenda
1493 1666 1747 1714 tormenta
1794 1666 1844 1713 et
1886 1663 2051 1729 ipsius

195 1756 370 1807 exinde
416 1754 671 1822 puerperii
726 1769 937 1819 spurcos
987 1753 1156 1803 anxios
1202 1752 1427 1803 ludicros
1476 1751 1662 1802 exitus:
1705 1755 1894 1811 tamen,
1937 1767 2051 1801 cum

195 1844 363 1895 omnia
415 1845 516 1895 ista
571 1842 898 1903 destruxeris,
959 1843 1018 1891 ut
1072 1841 1162 1891 deo
1221 1840 1426 1906 indigna
1480 1840 1765 1892 confirmes.
1813 1855 1910 1890 non
1959 1840 2053 1889 erit

193 1931 448 1999 indignior
502 1934 663 1982 morte
711 1929 955 1980 natiuitas
1012 1932 1062 1979 et
1117 1944 1266 1979 cruce
1313 1928 1527 1978 infantia
1575 1930 1625 1978 et
1663 1930 1843 1978 natura
1891 1943 2051 1991 poena

195 2024 247 2070 et
288 2035 402 2071 caro
443 2019 779 2070 damnatione.
827 2018 870 2068 si
916 2033 1033 2068 uere
1080 2017 1182 2067 ista
1226 2032 1410 2082 passus
1460 2019 1539 2066 est
1580 2014 1832 2076 Christus,
1880 2015 2049 2066 minus

194 2109 295 2159 fuit
339 2108 502 2173 nasci3
560 2107 604 2158 si
651 2106 913 2157 mendacio
976 2121 1161 2172 passus
1226 2107 1318 2161 est,
1383 2105 1443 2154 ut
1502 2103 1822 2170 phantasma,
1885 2103 2056 2168 potnit

196 2200 247 2248 et
307 2196 571 2248 mendacio
634 2195 792 2246 nasci.
857 2210 1058 2245 summa
1109 2194 1213 2244 ista
1265 2193 1540 2244 Marcionis
1596 2194 1912 2258 argumenta,
1968 2207 2056 2257 per

196 2301 322 2351 quae
377 2284 535 2335 alium
590 2283 748 2335 efficit
802 2281 1081 2344 Christum,
1139 2282 1280 2343 satis,
1337 2282 1529 2346 opinor,
1584 2280 1902 2331 ostendimus
1958 2295 2054 2330 non

196 2373 476 2425 consistere
533 2371 754 2433 omninO,
819 2371 938 2421 dum
1000 2371 1241 2421 docemus
1303 2369 1467 2435 magis
1528 2367 1707 2433 utique
1769 2369 2055 2433 competere

196 2461 288 2512 deo
324 2460 594 2511 ueritatem
629 2476 779 2525 quam
812 2458 1135 2509 mendacium
1169 2458 1278 2508 eius
1311 2457 1537 2518 habitus,
1577 2455 1627 2505 in
1662 2471 1758 2520 quo
1795 2454 2052 2506 Christum

198 2565 350 2600 suum
399 2547 642 2599 exhibuit.
692 2547 734 2598 si
781 2547 971 2598 ueritas
1019 2546 1134 2611 fuit,
1184 2561 1297 2596 caro
1345 2544 1461 2605 fuit,
1510 2544 1552 2595 si
1594 2559 1706 2595 caro
1748 2544 1862 2604 fuit,
1904 2545 2054 2593 natus

197 2639 293 2688 est.
336 2652 393 2687 ea
433 2636 583 2697 enim,
626 2651 753 2701 quae
794 2636 1049 2701 expugnat
1079 2634 1203 2684 haec
1238 2633 1479 2694 haeresiS,
1521 2631 1898 2691 confirmantur,
1940 2646 2056 2680 cum

198 2740 272 2785 ea,
320 2741 408 2790 per
447 2740 574 2790 quae
617 2726 886 2790 expugnat,
935 2723 1283 2774 destruuntur.
1334 2722 1523 2786 itaque,
1574 2719 1616 2769 si
1656 2734 1866 2770 carneus
1906 2718 2056 2768 habe-

195 2813 348 2875 bitur,
403 2813 524 2878 quia
575 2813 743 2872 natus,
800 2813 850 2861 et
902 2812 1069 2872 natUS,
1127 2808 1245 2875 quia
1300 2823 1528 2868 carneus,
1585 2807 1703 2873 quia
1756 2806 2057 2872 phantasma

255 3030 282 3071 4
313 3030 363 3071 tu
390 3028 573 3082 scripsi:
603 3029 708 3068 tunc
738 3026 837 3070 MR
925 3027 951 3068 9
983 3025 1122 3069 carnis
1146 3024 1278 3070 MR3.
1313 3037 1483 3066 carnem
1513 3022 1573 3066 R¹
1695 3021 1958 3064 desaltasset
1981 3018 2055 3073 R3,

200 3101 440 3144 adeltasset
462 3099 581 3143 MR1
767 3100 819 3143 10
852 3099 980 3154 plane
1011 3099 1260 3141 natiuitatis
1289 3131 1297 3140 .
1326 3132 1334 3139 .
1363 3134 1368 3139 .
1398 3131 1405 3138 .
1434 3096 1609 3139 edidisti
1644 3110 1740 3139 cum
1776 3095 1927 3137 ironia
1968 3093 2057 3135 deci

200 3175 541 3218 animaduertas
727 3175 778 3215 12
813 3173 944 3215 etiam
975 3186 1079 3214 uera
1108 3172 1320 3215 natiuitas
1351 3171 1463 3214 scil:
1496 3184 1589 3212 non
1626 3170 1768 3211 solum
1803 3181 1913 3210 uera
1950 3179 2054 3209 caro

205 3249 256 3292 13
294 3249 501 3291 inuehere
533 3248 590 3301 R,
621 3247 853 3289 inuehcrer
882 3245 986 3288 MF
1129 3246 1181 3287 14
1213 3245 1383 3287 animae
1414 3257 1496 3288 om.
1528 3243 1576 3285 F
1759 3255 1868 3283 uoca
1899 3253 1979 3282 om.
2011 3238 2048 3280 1⁴

203 3323 255 3364 18
287 3322 469 3374 indigna
499 3321 555 3372 F,
589 3321 722 3376 digna
752 3320 851 3363 MR
932 3321 987 3362 20
1021 3333 1117 3362 caro
1152 3318 1432 3360 damnatione
1463 3317 1640 3370 scripsi:
1673 3328 1798 3358 carne
1831 3312 2051 3355 danmatio

200 3396 300 3438 MR
389 3396 439 3437 21
476 3394 561 3436 fuit
593 3394 704 3443 MF,
737 3393 895 3435 fuisset
925 3393 968 3435 R
1056 3392 1110 3434 24
1145 3392 1424 3434 consisterem
1457 3390 1516 3431 M

2080 1149 2121 1179 10

2082 1586 2126 1617 15

2081 2026 2127 2058 20

2085 2463 2127 2495 25
