2248 3646
90 1255 128 1285 10

89 1680 126 1709 15

88 2107 129 2138 20

89 2533 130 2565 25

557 315 612 355 11.
645 314 717 355 De
749 314 931 356 Carnis
964 314 1374 355 Resurrectione
1406 314 1586 355 36-37.
1911 317 1975 365 79

231 471 313 520 37.
362 469 443 520 Sic
491 473 540 520 et
587 469 629 519 si
676 485 871 518 carnem
917 470 987 518 ait
1030 470 1154 518 nih-il
1202 470 1458 533 prodesse,
1508 486 1562 519 ex
1610 471 1816 519 materia
1855 470 1975 519 dicti

161 555 449 621 dirigendus
484 558 560 604 est
592 569 783 604 sensus,
823 570 935 603 nam
970 555 1083 617 quia
1117 554 1294 603 durum
1331 557 1380 604 et
1411 556 1776 604 intolerabilem
1811 555 1975 604 existi-

158 643 422 692 mauerunt
460 656 736 690 sermonem
780 640 903 697 eiUS,
938 641 1082 704 quasi
1114 655 1230 689 uere
1270 655 1467 689 carnem
1510 656 1651 690 suam
1689 640 1792 690 illis
1833 641 1974 689 eden-

159 728 271 776 dam
311 726 708 785 determinasset,
755 727 812 774 ut
849 726 897 774 in
938 726 1171 790 spiritum
1218 725 1504 789 disponeret
1550 728 1735 775 statum
1778 726 1972 776 salutis,

157 811 439 876 praemisit:
479 811 739 876 spiritus
779 815 869 860 est
909 811 1007 874 qui
1052 811 1343 859 uiuificat
1390 814 1540 874 atque
1578 812 1650 860 ita
1697 812 1973 861 subiunxit:

159 913 289 947 caro
330 897 480 946 nihil
519 897 783 960 prodest,
832 896 920 945 sed
960 895 1019 946 ad
1060 895 1420 944 uiuificandum
1462 897 1670 946 scilicet.
1718 897 1975 959 exequitur

158 984 324 1042 etiam,
374 983 493 1046 quid
539 983 664 1031 uelit
708 982 936 1046 intellegi
984 981 1243 1045 spiritum:
1300 983 1494 1038 uerba,
1545 997 1689 1046 quae
1734 982 1973 1031 locutus

158 1085 280 1119 sum
322 1069 512 1127 uobiS,
555 1067 807 1131 spiritus
849 1069 1002 1126 sunt,
1042 1067 1167 1116 uita
1209 1069 1360 1121 sunt,
1403 1067 1534 1116 sicut
1567 1069 1617 1117 et
1655 1068 1974 1131 supraz‘qui

157 1154 326 1204 audit
365 1168 665 1203 sermones
706 1169 864 1202 meos
906 1155 961 1201 et
1001 1152 1192 1202 credit
1230 1153 1285 1200 in
1327 1167 1473 1213 eum,
1525 1154 1621 1216 qui
1661 1169 1747 1202 me
1787 1154 1972 1209 misit,

158 1240 338 1290 habet
374 1239 559 1288 uitam
602 1241 899 1288 aeternam
942 1241 996 1286 et
1034 1238 1089 1286 in
1128 1238 1422 1286 iudicium
1464 1254 1574 1288 non
1620 1239 1823 1287 ueniet
1874 1239 1973 1287 sed

156 1325 412 1375 transiet
450 1325 515 1374 de
555 1328 739 1374 morte
780 1323 846 1372 ad
892 1323 1095 1372 uitam.
1136 1326 1304 1386 itaque
1345 1339 1621 1373 sermonem
1662 1324 1973 1373 constituens

155 1410 534 1469 uiuificatorem,
564 1409 679 1474 quia
704 1409 907 1473 spiritus
935 1411 984 1458 et
1015 1409 1121 1457 uita
1146 1424 1322 1470 sermo,
1349 1408 1557 1458 eundem
1594 1410 1744 1458 etiam
1779 1424 1971 1458 carnem

157 1512 296 1546 suani
331 1495 468 1555 dixit,
504 1495 618 1559 quia
658 1498 707 1544 et
739 1510 901 1545 sermo
943 1509 1053 1543 caro
1088 1498 1193 1543 erat
1230 1494 1411 1553 factuS,
1451 1494 1656 1557 proinde
1687 1495 1736 1544 in
1771 1510 1972 1543 causam

155 1582 288 1631 uitae
322 1581 630 1644 adpetendus
657 1583 706 1629 et
730 1580 1043 1629 deuorandus
1069 1579 1242 1628 auditu
1277 1582 1326 1628 et
1356 1578 1681 1629 ruminandus
1714 1579 1973 1628 intellectu

158 1669 207 1716 et
229 1666 325 1715 fide
351 1665 667 1730 digerendus,
692 1681 804 1714 nam
840 1667 887 1713 et
918 1666 1065 1728 paulo
1099 1667 1214 1713 ante
1247 1679 1442 1713 carnem
1478 1681 1616 1713 suam
1650 1680 1826 1729 panem
1858 1679 1974 1727 quo-

159 1766 253 1815 que
307 1751 575 1800 caelestem
627 1751 984 1814 pronuntiarat,
1039 1764 1260 1814 urguens
1315 1764 1676 1813 usquequaque
1720 1765 1807 1814 per
1853 1749 1973 1798 alle-

158 1837 348 1900 goriam
381 1835 774 1885 necessariorum
807 1835 1104 1899 pabulorum
1137 1835 1427 1884 memoriam
1459 1837 1672 1897 patrum,
1708 1836 1790 1899 qui
1822 1850 1972 1898 panes

159 1924 208 1970 et
246 1935 415 1977 carnes
453 1920 815 1986 Aegyptiorum
854 1922 1227 1985 praeuerterant
1271 1919 1468 1968 diuinae
1509 1920 1778 1970 uocationi.
1818 1919 1974 1984 igitur

160 2021 434 2056 conuersus
474 2006 535 2054 ad
572 2006 879 2071 recogitatus
918 2005 1137 2063 illorum,
1179 2005 1294 2068 quia
1334 2006 1557 2054 senserat
1596 2002 1971 2067 dispargendOS,

161 2107 308 2150 carc,
358 2092 442 2151 ait,
491 2091 642 2140 nihil
687 2091 947 2155 prodest.
994 2091 1115 2153 quid
1160 2082 1253 2139 hoc
1302 2090 1363 2139 ad
1410 2089 1762 2139 destruendam
1811 2087 1972 2137 carnis

157 2177 588 2237 resurrectionem,
637 2177 778 2240 quasi
818 2192 912 2226 non
952 2177 1103 2226 liceat
1142 2192 1251 2226 esse
1292 2175 1499 2240 aliquid,
1547 2174 1679 2239 quod
1719 2173 1813 2223 etsi
1851 2172 1973 2221 nihil

158 2263 331 2327 prosit,
372 2261 509 2312 aliud
539 2265 705 2312 tamen
746 2262 790 2312 ei
828 2262 1066 2326 prodesse
1097 2262 1296 2326 possit?
1338 2261 1546 2324 spiritus
1587 2259 1811 2323 prodest3
1846 2257 1972 2306 uiui-

159 2349 275 2399 ficat
306 2347 450 2398 enim.
483 2363 594 2397 caro
628 2348 753 2398 nihil
783 2347 1007 2412 prodest:
1050 2347 1381 2396 mortificatur
1414 2346 1558 2395 enim.
1598 2346 1767 2408 itaque
1800 2358 1973 2392 secun-

161 2435 278 2483 dum
317 2449 407 2482 nos
446 2433 608 2498 magis
648 2433 916 2482 collocauit
954 2432 1218 2495 utriusque
1257 2432 1663 2494 propositionem.
1705 2427 1971 2478 ostendens

161 2520 305 2579 enim,
345 2518 465 2582 quid
497 2518 657 2582 prosit
695 2520 743 2567 et
776 2518 894 2581 quid
933 2533 1028 2566 non
1061 2517 1235 2581 prosit,
1268 2517 1454 2580 pariter
1484 2514 1820 2571 inluminauit,
1856 2511 1975 2575 quid

162 2605 243 2654 cui
287 2604 462 2668 prosit,
509 2603 743 2668 spiritum
789 2603 984 2652 scilicet
1022 2602 1171 2662 carni,
1220 2601 1548 2651 mortificatae
1594 2599 1973 2650 uiuificatorem.

161 2689 363 2739 ueniet
411 2689 562 2738 enim
609 2689 764 2749 hora,
805 2688 987 2751 inquit,
1037 2702 1166 2736 cum
1213 2687 1434 2735 mortui
1480 2686 1732 2735 audient
1768 2698 1974 2733 uocem

162 2774 285 2824 filii
344 2774 436 2822 dei
491 2776 548 2823 et
592 2774 692 2837 qui
754 2773 1055 2822 audierint
1109 2773 1332 2822 uiuent.
1391 2771 1512 2835 quid
1565 2773 1817 2820 mortuum
1878 2768 1975 2817 nisi

305 2982 345 3035 1]
379 2981 431 3022 cf.
463 2982 553 3023 Ioh.
586 2983 624 3035 6,
655 2982 722 3023 64.
840 2982 882 3036 3]
917 2980 966 3023 cf.
1000 2981 1090 3022 Ioh.
1123 2982 1162 3035 6,
1194 2981 1261 3023 53.
1379 2982 1422 3035 5]
1448 2981 1538 3022 Ioh.
1565 2982 1602 3034 6,
1625 2981 1691 3022 64.
1812 2976 1971 3031 7]10h.

163 3053 201 3105 6,
247 3054 313 3094 64.
401 3053 444 3106 8]
491 3052 581 3094 Ioh.
629 3056 667 3106 5,
713 3053 780 3094 24.
872 3052 939 3106 15]
986 3051 1037 3094 cf.
1083 3052 1174 3094 Ioh.
1222 3053 1260 3100 6,
1308 3053 1374 3094 51.
1466 3053 1535 3106 16]
1585 3051 1637 3093 cf.
1683 3050 1775 3092 Ioh.
1822 3049 1860 3098 6,
1908 3046 1973 3088 31.

162 3123 234 3177 20]
263 3123 354 3164 Ioh.
387 3124 425 3177 6,
457 3124 522 3165 63.
611 3123 682 3177 27]
715 3123 806 3166 Ioh.
839 3125 877 3177 5,
910 3124 974 3166 15.

222 3224 241 3263 1
288 3224 349 3265 sic
394 3227 438 3264 et
481 3225 516 3265 si
558 3224 659 3265 Gez:
702 3224 805 3264 licet
849 3224 885 3264 si
922 3222 1066 3264 PMF
1148 3225 1172 3265 6
1212 3222 1288 3264 sed
1326 3223 1379 3264 ad
1417 3222 1567 3275 PMF,
1601 3221 1655 3262 ad
1697 3221 1777 3262 Gel
1818 3221 1977 3274 reliqui

164 3293 216 3335 10
259 3296 381 3335 uenit
424 3294 471 3335 F
577 3295 625 3336 11
673 3295 856 3336 transiet
898 3294 1051 3343 PMF,
1097 3294 1302 3335 transibit
1349 3294 1429 3335 Gel
1547 3293 1598 3334 15
1644 3290 1892 3346 dirigendus
1936 3292 1978 3332 P

163 3366 215 3408 19
248 3365 556 3419 dispargendos
585 3365 692 3419 PM,
726 3365 1034 3419 dispergendos
1064 3364 1111 3405 F
1193 3365 1243 3405 21
1286 3366 1367 3406 etsi
1404 3364 1510 3412 PM,
1551 3364 1586 3404 si
1623 3363 1670 3404 F
1735 3364 1806 3409 ,26
1845 3363 1973 3410 carni,

162 3437 445 3478 mortificatae
475 3436 599 3490 Eny:
631 3437 745 3477 carni
776 3435 1058 3477 mortificatae
1088 3436 1220 3489 uulyo
