2248 3646
202 247 266 297 76
572 242 758 294 Quinti
793 240 1021 295 Septimi
1051 239 1328 281 Florentis
1360 238 1692 281 Tertulliani

275 405 356 454 35.
401 401 500 453 Sed
549 404 599 451 et
644 399 893 466 praecipit
941 415 1057 449 eum
1099 399 1271 463 potius
1312 398 1614 461 timendum,
1658 399 1744 465 qui
1785 402 1835 450 et
1875 416 2061 465 corpus

202 495 252 540 et
292 491 512 541 animam
555 488 753 539 occidat
791 487 839 536 in
882 487 1181 553 gehennam,
1221 486 1274 536 id
1314 490 1391 536 est
1433 486 1695 537 dominum
1738 487 1923 547 solum,
1965 504 2062 538 non

201 577 286 642 qui
343 593 526 642 corpus
583 575 834 634 occidant,
884 573 1079 624 animae
1128 575 1299 626 autem
1347 574 1474 624 nihil
1522 590 1701 626 nocere
1747 575 1963 640 possint,
2011 575 2064 625 id

201 668 279 715 est
317 666 567 715 humanas
607 664 912 728 potestates,
963 661 1088 711 adeo
1129 661 1212 712 hic
1253 664 1303 711 et
1343 661 1512 712 anima
1557 662 1843 713 inmortalis
1885 667 2064 713 natura

158 739 160 741 ,
198 752 599 821 recognoscitur,
641 765 769 816 quae
810 765 907 800 non
948 749 1115 815 possit
1155 749 1319 800 occidi
1361 749 1420 800 ab
1454 749 1765 810 hominibUS,
1809 752 1857 801 et
1899 749 2062 801 carnis

200 856 311 891 esse
353 839 738 897 mortalitatem,
783 837 928 888 cuius
971 836 1040 887 sit
1079 837 1284 896 0001310,
1335 841 1488 902 atque
1529 837 1601 887 ita
1639 838 2063 889 resurrectionem

199 943 402 993 quoque
436 929 757 977 mortuorum
791 925 956 975 carnis
993 940 1120 986 esse,
1156 940 1283 989 quae
1316 925 1366 975 in
1401 925 1685 991 gehennam
1717 925 1816 976 nisi
1847 926 2064 976 resusci-

198 1018 307 1066 tata
345 1031 443 1065 non
483 1013 672 1080 poterit
712 1012 894 1063 occidi.
938 1011 1027 1062 sed
1067 1012 1307 1076 quoniam
1341 1016 1390 1062 et
1430 1012 1513 1063 hic
1547 1012 1606 1062 de
1646 1012 2063 1078 interpretatione

201 1103 423 1168 corporis
467 1098 740 1170 [quaestio]
790 1100 1080 1159 cauillatur,
1131 1115 1223 1166 ego
1274 1115 1458 1167 00111113
1510 1100 1730 1151 hominis
1779 1117 1876 1173 non
1926 1101 2063 1151 aliud

198 1191 443 1256 intellego
494 1205 646 1254 quam
696 1204 897 1239 omnem
946 1188 1095 1239 istam
1147 1192 1340 1239 struem
1390 1188 1569 1245 carnis,
1628 1204 1832 1254 quoquo
1882 1204 2063 1255 genere

200 1279 528 1328 materiarum
577 1278 908 1327 concinnatur
963 1278 1115 1341 atque
1168 1276 1412 1339 uariatm,
1471 1276 1606 1342 quod
1654 1277 1873 1338 uidetur,
1930 1277 2065 1342 quod

198 1369 419 1427 tenetur,
462 1365 597 1430 quod
638 1365 854 1430 denique
896 1365 955 1414 ab
998 1364 1295 1415 hominibus
1337 1364 1598 1416 occiditur.
1649 1366 1724 1416 310
1765 1368 1815 1415 01
1852 1365 2063 1430 parietis

200 1470 384 1518 corpus
426 1469 521 1504 non
562 1453 702 1503 aliud
734 1453 1002 1503 admittam
1038 1468 1188 1517 quam
1223 1455 1502 1510 caementa,
1544 1469 1695 1518 quam
1737 1469 1868 1515 saxa,
1911 1469 2064 1519 quam

197 1543 401 1593 lateres.
458 1542 499 1592 si
555 1542 669 1607 quis
735 1556 974 1591 arcanum
1041 1539 1248 1605 aliquod
1312 1556 1495 1607 corpus
1550 1541 1764 1603 inducit,
1829 1542 2065 1592 ostendat

198 1630 394 1680 reuelet
439 1630 620 1695 probet
665 1628 836 1695 ipsum
880 1629 1032 1678 etiam
1077 1644 1205 1690 esse,
1254 1628 1388 1693 quod
1431 1628 1694 1679 occidatur
1734 1629 1793 1679 ab
1840 1629 2060 1689 homine,

2096 1211 2137 1241 10

2099 1649 2136 1679 15

201 1722 250 1768 01
283 1718 341 1768 de
374 1717 461 1768 1110
499 1717 594 1767 erit
627 1716 836 1767 dictum.
863 1717 984 1767 item
1016 1717 1059 1767 si
1085 1717 1282 1766 animae
1318 1733 1500 1782 corpus
1536 1718 1823 1783 opponitur,ยน
1857 1718 2065 1768 uacabit
2097 1722 2100 1725 '

200 1806 406 1856 astutia.
444 1821 558 1856 cum
594 1805 729 1856 enim
763 1808 1040 1869 utrumque
1073 1805 1390 1871 proponitur,
1423 1821 1606 1871 00111113
1641 1810 1794 1871 atque
1828 1806 2064 1867 animam,

200 1894 363 1945 occidi
405 1895 453 1944 in
487 1893 786 1960 gehennam,
832 1893 1171 1960 distinguitur
1204 1909 1388 1959 corpus
1426 1894 1486 1944 ab
1523 1894 1703 1956 anima,
1737 1897 1787 1944 et
1825 1894 2064 1959 relinqui-

198 1986 282 2032 tur
333 1997 517 2047 corpus
559 1981 790 2047 intellegi
846 1981 913 2042 id,
972 1981 1107 2046 quod
1153 1982 1204 2032 in
1259 1985 1499 2047 promptu
1550 1982 1633 2042 sit,
1684 1997 1796 2033 caro
1847 1983 2064 2042 scilicet,

200 2086 328 2134 quae
355 2070 491 2120 310111
524 2069 787 2120 occidetur
819 2069 868 2118 in
904 2070 1206 2135 geliennam,
1243 2069 1286 2120 si
1318 2072 1414 2121 non
1449 2070 1613 2138 magis
1649 2086 1676 2120 a
1709 2071 1800 2121 deo
1834 2070 2068 2121 timuerit
2098 2091 2140 2121 20

200 2158 379 2217 occidi,
429 2158 501 2208 ita
542 2162 591 2208 et
631 2156 983 2207 uiuificabitur
1020 2157 1069 2207 in
1113 2157 1276 2208 uitam
1317 2159 1590 2219 aeternam,
1642 2157 1685 2208 si
1725 2157 1965 2208 maluerit
2005 2157 2066 2207 ab

200 2244 493 2295 hominibus
541 2245 714 2309 potius
760 2243 995 2294 interfici.
1037 2243 1247 2310 proinde
1298 2244 1342 2294 si
1382 2245 1495 2309 quis
1545 2244 1854 2296 occisionem
1903 2244 2065 2294 carnis

200 2336 353 2397 atque
399 2333 596 2382 animae
644 2332 692 2381 in
742 2331 1027 2398 gehennam
1076 2332 1138 2382 ad
1185 2332 1451 2383 interitum
1500 2336 1551 2383 et
1596 2333 1748 2383 finem
1795 2332 2064 2398 utriusque

199 2420 518 2471 substantiae
553 2419 786 2484 adripiet,
821 2434 918 2470 non
953 2419 1015 2469 ad
1050 2420 1381 2486 supplicium,
1413 2421 1559 2486 quasi
1586 2420 2063 2482 consumendarum,

199 2522 294 2557 non
336 2506 482 2571 quasi
523 2506 911 2572 puniendarum,
952 2505 1250 2557 recordetur
1289 2506 1459 2573 ignem
1501 2508 1761 2574 gehennae
1802 2508 2066 2557 aeternum

198 2594 476 2659 praedicari
517 2595 566 2644 in
606 2609 822 2659 poenam
865 2597 1138 2655 aeternam,
1177 2596 1227 2644 et
1257 2594 1373 2644 inde
1408 2595 1760 2646 aeternitatem
1793 2594 2064 2646 occisionis

200 2687 459 2749 agnoscat,
500 2684 769 2748 propterea
801 2682 1054 2732 humanae
1089 2684 1146 2731 ut
1178 2682 1448 2748 temporali
1480 2682 1901 2747 praetimendam.
1942 2686 2064 2733 tunc

200 2771 250 2819 et
289 2771 517 2820 aeternas
562 2769 880 2820 substantias
922 2768 1110 2829 credet,
1163 2785 1374 2834 quarum
1401 2773 1621 2842 *aeterna
1662 2770 1730 2821 sit
1777 2770 1964 2821 occisio
2013 2769 2062 2819 in

196 2872 426 2921 poenam.
483 2859 628 2907 certe.
675 2872 788 2907 cum
844 2858 963 2922 post-
1014 2858 1440 2908 resurrectionem
1497 2873 1679 2923 corpus
1736 2873 1850 2908 cum
1898 2857 2066 2907 anima

344 3084 386 3138 1โท1
420 3084 471 3126 cf.
504 3084 663 3126 Mattn.
702 3085 766 3138 10,
801 3085 870 3128 28.
962 3085 1034 3139 26]
1073 3084 1125 3126 of.
1160 3083 1320 3126 Mattn.
1353 3084 1422 3136 25,
1455 3084 1523 3125 46.

258 3230 275 3270 1
313 3230 357 3270 et
388 3242 544 3283 corpus
576 3229 687 3279 MF,
723 3243 876 3283 corpus
910 3229 952 3270 P
981 3230 1116 3283 uulyo
1207 3229 1231 3269 9
1272 3227 1471 3282 quaestio
1510 3227 1669 3270 seclusi
1761 3229 1812 3270 10
1847 3227 2058 3281 intellego

196 3301 375 3355 scripsi:
419 3301 674 3356 intellegam
730 3301 879 3343 PMF
983 3303 1032 3343 15
1081 3302 1214 3343 etiam
1262 3314 1355 3342 esse
1394 3299 1507 3355 MF,
1557 3313 1650 3342 esse
1699 3301 1831 3342 etiam
1871 3300 2060 3354 Puulyo

199 3375 250 3416 16
299 3375 482 3429 opponit
526 3374 608 3417 Ger
673 3376 750 3417 '19
799 3388 953 3429 corpus
1000 3374 1203 3429 intellegi
1246 3373 1427 3427 scripsi:
1474 3387 1628 3427 corpus
1670 3373 1872 3428 intellige
1902 3372 2058 3427 PMF,

196 3447 399 3502 intellegi
431 3461 584 3503 eorpus
622 3448 881 3503 Gelreliqui

2097 2526 2139 2559 25
