2248 3646
211 219 316 269 480
586 216 776 267 Quinti
811 215 1042 271 Septimi.
1074 216 1350 257 Florentis
1383 214 1719 262 Tertulliani

210 378 346 428 nattis
423 378 719 431 mulierum,
792 376 879 427 sed
950 392 1048 427 non
1115 377 1230 427 ideo
1304 376 1569 427 subiectus
1634 376 1695 439 ei,
1769 378 1855 443 qui
1924 381 2087 433 minor

209 465 364 516 fuerit
410 465 462 515 in
512 480 668 531 regno
719 464 815 526 dei,
866 464 1013 529 quasi
1069 464 1280 515 alterius
1327 464 1398 515 sit
1454 463 1535 514 dei
1589 479 1825 531 regnum,
1880 466 1930 517 in
1987 485 2084 533 quo

207 553 445 604 modicus
489 553 602 618 quis
643 552 806 603 maior
846 552 940 603 erit
964 552 1207 613 Iohanne,
1249 552 1465 603 alterius
1491 553 1760 615 IohanneS,
1805 554 1892 619 qni
1926 556 2085 606 omni-

207 641 304 691 bus
344 640 476 691 natis
518 640 793 691 mulierum
834 640 995 691 maior
1035 639 1117 691 sit⁴
1161 640 1272 690 siue
1315 639 1447 690 euim
1490 640 1550 691 de
1593 655 1920 706 quocumque
1962 642 2085 693 dicit

207 728 409 780 modieo
445 729 556 779 siue
583 728 644 779 de
678 728 959 793 semetipso
994 743 1082 794 per
1115 728 1480 789 humilitatem,
1518 728 1636 793 quia
1667 728 1834 779 minor
1857 729 2080 781 Iohanne
2133 751 2152 781 5

208 817 510 879 habebatur,
560 817 796 867 omnibus
844 816 1046 867 seilicet
1084 818 1134 867 in.
1176 816 1512 868 solitudinem
1554 817 1981 868 eonem-rentibus
2023 818 2086 868 ad

206 904 487 956 Iohannem
513 905 687 969 potius
715 921 867 969 quam
898 904 960 954 ad
987 904 1266 967 Christum,
1294 934 1362 939 ——
1389 903 1544 970 quid
1579 905 1677 954 exi
1697 904 1817 955 stis
1850 904 1962 955 uid
1981 921 2081 957 ere

208 993 265 1044 in
324 992 798 1044 solitudinem?
858 1024 925 1030 ——
977 992 1281 1043 tantundem
1323 995 1426 1044 est:
1468 992 1683 1043 creatori
1732 993 1978 1059 competit
2025 994 2084 1044 et

206 1081 486 1132 Iohannem
514 1081 681 1147 ipsius
710 1096 841 1143 esse,
868 1081 1115 1132 maiorem
1139 1081 1272 1132 natis
1306 1081 1601 1143 mulierum,
1630 1083 1681 1131 et
1704 1080 1967 1132 Christum
1994 1082 2079 1133 uel

209 1169 638 1236 quem<eum>que
670 1169 950 1233 modinum,
975 1169 1063 1235 qui
1086 1169 1248 1220 maior
1271 1169 1495 1220 Iohanne
1520 1168 1727 1220 futurus
1756 1171 1824 1220 sit
1848 1169 1897 1220 in
1921 1185 2076 1236 regno
2110 1189 2151 1223 ιο

208 1257 360 1324 <dem
383 1288 454 1293 —-—
480 1274 640 1324 aeque
667 1258 908 1308 creatoris
936 1288 1004 1293 „-
1033 1260 1082 1309 et
1109 1257 1195 1323 qui
1221 1258 1290 1308 sit
1313 1259 1477 1307 maior
1502 1259 1642 1308 tant-o
1669 1258 1933 1323 propheta.
1960 1258 2079 1324 quia

206 1361 305 1397 uon
337 1345 493 1397 fuerit
524 1345 902 1397 seandalizatus
936 1346 986 1396 in
1021 1346 1300 1408 Christum,
1336 1345 1472 1411 quod
1505 1349 1628 1397 tuno
1675 1345 1953 1397 Iohannem
1985 1345 2077 1396 mi-

206 1434 336 1486 nuit.
414 1434 648 1485 Diximus
684 1434 743 1485 de
774 1434 992 1485 remissa
1015 1437 1359 1500 peecatorum„
1393 1434 1535 1485 illius
1569 1436 1742 1485 autem
1773 1434 2076 1499 peccatricis

205 1522 424 1573 feminae
451 1524 809 1590 argumentum
843 1538 899 1572 eo
927 1522 1217 1587 pertinebit,
1243 1525 1303 1572 ut
1328 1537 1444 1573 eum
1478 1522 1633 1587 pedes
1664 1521 1856 1574 domini
1883 1523 2075 1574 osculis

206 1611 402 1678 figeret,
443 1610 669 1661 lae-rimis
707 1610 994 1673 inundaret,
1037 1611 1262 1661 crinibus
1304 1610 1607 1676 detergeret,
1656 1612 1921 1677 unguento
1963 1626 2073 1677 per-
2107 1630 2145 1660 15

207 1698 432 1760 duceret,
474 1698 628 1749 solidi
668 1699 893 1765 eorporis
935 1698 1225 1761 ueritatem,
1265 1714 1364 1750 non
1403 1699 1707 1763 phantasma
1749 1699 1897 1749 inane
1943 1701 2072 1749 trae-

204 1786 410 1850 tauerit‚
452 1790 502 1838 et
540 1789 599 1837 ut
636 1786 938 1853 peccatricis
981 1786 1292 1853 paenitentia
1331 1786 1613 1838 seeundum
1655 1788 1936 1838 creatorem
1967 1803 2070 1838 me-

203 1875 366 1926 ruerit
402 1875 621 1937 ueniam,
669 1890 977 1941 praeponere
1018 1875 1225 1926 solitum
1270 1874 1535 1926 sacrificio.
1593 1874 1682 1925 sed
1728 1876 1779 1925 et
1820 1875 1863 1925 si
1901 1876 2071 1941 paeni-

203 1963 395 2015 tentiae
449 1962 695 2014 stimulus
737 1980 793 2014 ex
832 1962 930 2014 fide
985 1963 1255 2024 acciderat,
1309 1978 1400 2028 per
1448 1962 1813 2029 paenitentiam
1863 1978 1919 2014 ex
1971 1962 2067 2013 fide

204 2051 488 2102 iustificata
526 2052 587 2102 ab
629 2067 686 2103 eo
728 2051 914 2102 audiit:
963 2051 1137 2103 fides
1184 2053 1298 2102 tua
1342 2054 1399 2102 te
1450 2051 1926 2114 saluam-feeit,
1978 2050 2067 2116 qui
2098 2063 2139 2095 20

202 2156 294 2205 per
332 2140 541 2191 Abaoue
578 2139 956 2206 pronuntiarat:
997 2139 1220 2191 iustus
1263 2155 1329 2190 ex
1369 2139 1502 2190 fide
1544 2155 1658 2191 sua
1696 2139 1899 2191 uiuet.

280 2229 361 2280 19.
405 2226 555 2290 Quod
595 2227 785 2279 diuites
828 2223 1033 2280 Christo
1073 2227 1317 2279 mulieres
1358 2227 1715 2290 adhaerebant,
1757 2242 1884 2292 quae
1924 2229 1975 2278 et
2006 2227 2066 2278 de

202 2317 541 2368 facultatibus
576 2316 685 2368 suis
719 2316 1079 2368 ministrabant
1111 2317 1173 2379 ei,
1214 2316 1345 2367 inter
1378 2331 1503 2381 quas
1538 2318 1589 2366 et
1621 2332 1744 2367 uxor
1781 2316 1916 2383 regis
1956 2332 2067 2382 pro-

203 2405 471 2466 curatoriS,
528 2403 589 2456 de
642 2404 911 2471 prophetia
965 2406 1059 2455 est„
1114 2405 1207 2456 has
1263 2404 1396 2455 enim
1443 2404 1663 2456 uoeabat
1708 2419 1798 2470 per
1835 2404 2064 2455 Esaiam:

202 2493 519 2545 mulieres
555 2492 825 2556 diuites,
855 2492 1195 2560 exsurgite
1233 2496 1294 2543 et
1333 2492 1557 2544 audite
1592 2507 1816 2543 uocem
1848 2508 2061 2552 meam,
2095 2503 2137 2534 2⁵

201 2584 261 2632 ut
308 2580 592 2648 discipulas
638 2581 821 2648 primo,
877 2581 1058 2632 dehine
1106 2586 1165 2632 ut
1212 2582 1465 2647 operarias
1509 2583 1559 2631 et
1599 2580 1858 2632 ministras
1902 2583 2064 2631 osten-

348 2785 658 2853 7]Lu0.7‚24'.
723 2796 1249 2861 13]cf.Lu‹:.¹7‚36—50.
1321 2796 1846 2851 14-15]0f.1,uc.7‚3s.
1917 2796 2062 2851 unes.

202 2869 394 2925 osee.
471 2870 667 2926 amnuo.
688 2871 727 2922 7,
753 2870 820 2913 50.
898 2870 1220 2926 21]Hab.2,4.
1298 2870 1682 2926 22]0f.Lu0.8‚2.
1753 2870 2060 2924 effinse-ae.

261 2989 281 3030 1
316 3002 404 3031 non
435 2987 536 3030 ideo
569 2989 784 3044 coniunge
815 3001 912 3030 cwm
944 2988 1068 3043 quasi
1102 2988 1126 3031 Z.
1155 2994 1185 3030 ‘A
1302 2987 1524 3030 subiectus
1556 2986 1833 3042 Leopoldus:
1864 2986 2062 3029 subiecto

199 3063 300 3106 MR
411 3064 436 3105 5
477 3061 569 3104 siue
611 3061 664 3104 de
703 3061 940 3116 semetipso
980 3076 1058 3118 per
1093 3062 1393 3104 humilitatem
1431 3062 1611 3116 scripsi.-
1651 3075 1727 3117 per
1763 3059 2062 3102 humilitatem

200 3136 294 3181 siue
327 3135 379 3178 de
412 3136 647 3191 semetipso
671 3134 773 3178 MR
855 3135 881 3177 8
905 3134 1168 3178 tantundem
1200 3139 1285 3178 est:
1321 3136 1505 3178 creatori
1530 3134 1707 3189 scripsi:
1730 3131 1991 3176 tantundem
2018 3136 2062 3174 et

200 3210 386 3252 creatori
403 3208 502 3252 MR
564 3209 618 3252 10
644 3208 1504 3264 quemcumquescripsi.·quemqueIIIR
1567 3208 1615 3250 11
1646 3207 1714 3250 dei
1741 3206 1903 3250 addidi
1990 3219 2059 3247 ae-

201 3297 283 3339 que
317 3282 524 3326 creatoris
548 3283 598 3325 in
629 3282 882 3339 parenthesi
896 3284 1034 3337 posui
1124 3283 1227 3338 quia
1250 3282 1366 3324 lim.-
1391 3282 1465 3337 qui
1489 3282 1588 3325 MR
1610 3281 1772 3337 reliqui
1833 3281 1884 3324 13
1909 3280 2060 3323 remis·

199 3356 321 3399 sione
352 3354 416 3399 ΕΙ
515 3356 568 3399 14
600 3358 901 3398 arcumentum
932 3355 992 3397 M
1076 3356 1130 3397 20
1162 3355 1401 3397 iustificata
1431 3354 1615 3409 scripsi:
1647 3353 1932 3398 iustificatam
1963 3353 2061 3397 MR

198 3430 251 3474 21
285 3428 410 3472 uiuet
439 3429 507 3481 M,
540 3429 655 3471 uiuit
684 3429 729 3472 R
818 3429 873 3471 24
908 3428 1126 3480 uocabant
1157 3429 1215 3471 M
1243 3431 1371 3482 (corr.
1403 3442 1458 3470 m.
1491 3433 1528 3481 1)
