<?xml version="1.0" encoding="UTF-8"?>
<!DOCTYPE html PUBLIC "-//W3C//DTD XHTML 1.0 Transitional//EN"
    "http://www.w3.org/TR/xhtml1/DTD/xhtml1-transitional.dtd">
<html xmlns="http://www.w3.org/1999/xhtml" xml:lang="en" lang="en">
 <head>
  <title>
</title>
<meta http-equiv="Content-Type" content="text/html;charset=utf-8" />
  <meta name='ocr-system' content='tesseract 3.04.00' />
  <meta name='ocr-capabilities' content='ocr_page ocr_carea ocr_par ocr_line ocrx_word'/>
</head>
<body>
  <div class='ocr_page' id='page_1' title='image "./quintiseptimiflo47tertuoft_0164.png"; bbox 0 0 2248 3646; ppageno 0'>
   <div class='ocr_carea' id='block_1_1' title="bbox 144 238 1646 294">
    <p class='ocr_par' dir='ltr' id='par_1_1' title="bbox 144 238 1646 294">
     <span class='ocr_line' id='line_1_1' title="bbox 144 238 1646 294; baseline -0.003 -11"><span class='ocrx_word' id='word_1_1' title='bbox 144 244 246 294; x_wconf 73' lang='lat'>124</span> <span class='ocrx_word' id='word_1_2' title='bbox 508 239 698 292; x_wconf 81' lang='lat' dir='ltr'>Quinti</span> <span class='ocrx_word' id='word_1_3' title='bbox 732 240 959 294; x_wconf 82' lang='lat' dir='ltr'>Septimi</span> <span class='ocrx_word' id='word_1_4' title='bbox 995 239 1276 281; x_wconf 81' lang='lat' dir='ltr'>Florentis</span> <span class='ocrx_word' id='word_1_5' title='bbox 1309 238 1646 280; x_wconf 83' lang='lat' dir='ltr'>Tertulliani</span> 
     </span>
    </p>
   </div>
   <div class='ocr_carea' id='block_1_2' title="bbox 121 398 2086 2924">
    <p class='ocr_par' dir='ltr' id='par_1_2' title="bbox 121 398 2086 2924">
     <span class='ocr_line' id='line_1_2' title="bbox 141 398 2016 468; baseline -0.002 -16"><span class='ocrx_word' id='word_1_6' title='bbox 141 404 192 452; x_wconf 89' lang='lat' dir='ltr'>et</span> <span class='ocrx_word' id='word_1_7' title='bbox 232 401 437 467; x_wconf 88' lang='lat' dir='ltr'>quidem</span> <span class='ocrx_word' id='word_1_8' title='bbox 478 401 694 468; x_wconf 80' lang='lat' dir='ltr'>integra.</span> <span class='ocrx_word' id='word_1_9' title='bbox 735 400 786 450; x_wconf 89' lang='lat' dir='ltr'>in</span> <span class='ocrx_word' id='word_1_10' title='bbox 829 399 1061 465; x_wconf 86' lang='lat' dir='ltr'>deposito</span> <span class='ocrx_word' id='word_1_11' title='bbox 1104 402 1182 450; x_wconf 89' lang='lat' dir='ltr'>est</span> <span class='ocrx_word' id='word_1_12' title='bbox 1222 398 1535 464; x_wconf 86' lang='lat' dir='ltr'>ubicumque</span> <span class='ocrx_word' id='word_1_13' title='bbox 1569 398 1703 464; x_wconf 88' lang='lat' dir='ltr'>apud</span> <span class='ocrx_word' id='word_1_14' title='bbox 1736 399 1889 449; x_wconf 87' lang='lat' dir='ltr'>deum</span> <span class='ocrx_word' id='word_1_15' title='bbox 1927 415 2016 464; x_wconf 85' lang='lat' dir='ltr'>per</span> 
     </span>
     <span class='ocr_line' id='line_1_3' title="bbox 138 485 2014 553; baseline 0 -16"><span class='ocrx_word' id='word_1_16' title='bbox 138 487 502 539; x_wconf 82' lang='lat' dir='ltr'>fidelissimum</span> <span class='ocrx_word' id='word_1_17' title='bbox 562 491 884 553; x_wconf 85' lang='lat' dir='ltr'>sequestrem</span> <span class='ocrx_word' id='word_1_18' title='bbox 941 487 1022 538; x_wconf 85' lang='lat' dir='ltr'>dei</span> <span class='ocrx_word' id='word_1_19' title='bbox 1077 489 1127 536; x_wconf 89' lang='lat' dir='ltr'>et</span> <span class='ocrx_word' id='word_1_20' title='bbox 1181 486 1448 537; x_wconf 89' lang='lat' dir='ltr'>hominum</span> <span class='ocrx_word' id='word_1_21' title='bbox 1505 487 1679 538; x_wconf 85' lang='lat' dir='ltr'>Iesum</span> <span class='ocrx_word' id='word_1_22' title='bbox 1736 485 2014 549; x_wconf 74' lang='lat' dir='ltr'>Christum,</span> 
     </span>
     <span class='ocr_line' id='line_1_4' title="bbox 140 573 2010 640; baseline -0.001 -14"><span class='ocrx_word' id='word_1_23' title='bbox 140 575 227 640; x_wconf 83' lang='lat' dir='ltr'>q-ui</span> <span class='ocrx_word' id='word_1_24' title='bbox 267 579 317 626; x_wconf 88' lang='lat' dir='ltr'>et</span> <span class='ocrx_word' id='word_1_25' title='bbox 354 575 550 626; x_wconf 85' lang='lat' dir='ltr'>homini</span> <span class='ocrx_word' id='word_1_26' title='bbox 599 574 751 625; x_wconf 87' lang='lat' dir='ltr'>deum</span> <span class='ocrx_word' id='word_1_27' title='bbox 801 578 851 625; x_wconf 90' lang='lat' dir='ltr'>et</span> <span class='ocrx_word' id='word_1_28' title='bbox 897 573 1156 625; x_wconf 85' lang='lat' dir='ltr'>hominem</span> <span class='ocrx_word' id='word_1_29' title='bbox 1208 573 1301 624; x_wconf 88' lang='lat' dir='ltr'>deo</span> <span class='ocrx_word' id='word_1_30' title='bbox 1342 573 1538 635; x_wconf 88' lang='lat' dir='ltr'>reddet,</span> <span class='ocrx_word' id='word_1_31' title='bbox 1591 574 1728 625; x_wconf 85' lang='lat' dir='ltr'>carui</span> <span class='ocrx_word' id='word_1_32' title='bbox 1778 574 2010 639; x_wconf 87' lang='lat' dir='ltr'>spiritum</span> 
     </span>
     <span class='ocr_line' id='line_1_5' title="bbox 135 661 2013 732; baseline -0.002 -18"><span class='ocrx_word' id='word_1_33' title='bbox 135 664 191 715; x_wconf 85' lang='lat' dir='ltr'>et</span> <span class='ocrx_word' id='word_1_34' title='bbox 245 662 449 728; x_wconf 86' lang='lat' dir='ltr'>spiritui</span> <span class='ocrx_word' id='word_1_35' title='bbox 507 678 723 714; x_wconf 86' lang='lat' dir='ltr'>carnem.</span> <span class='ocrx_word' id='word_1_36' title='bbox 778 665 1059 727; x_wconf 89' lang='lat' dir='ltr'>utrumque</span> <span class='ocrx_word' id='word_1_37' title='bbox 1114 661 1216 711; x_wconf 72' lang='lat' dir='ltr'>iarn</span> <span class='ocrx_word' id='word_1_38' title='bbox 1271 661 1321 710; x_wconf 89' lang='lat' dir='ltr'>in</span> <span class='ocrx_word' id='word_1_39' title='bbox 1378 661 1659 727; x_wconf 87' lang='lat' dir='ltr'>semetipso</span> <span class='ocrx_word' id='word_1_40' title='bbox 1712 661 2013 732; x_wconf 39' lang='lat' dir='ltr'>foederauitJ</span> 
     </span>
     <span class='ocr_line' id='line_1_6' title="bbox 139 748 2086 816; baseline -0.004 -15"><span class='ocrx_word' id='word_1_41' title='bbox 139 765 379 816; x_wconf 75' lang='lat' dir='ltr'>sponsam</span> <span class='ocrx_word' id='word_1_42' title='bbox 429 766 618 816; x_wconf 87' lang='lat' dir='ltr'>sponso</span> <span class='ocrx_word' id='word_1_43' title='bbox 668 752 719 800; x_wconf 92' lang='lat' dir='ltr'>et</span> <span class='ocrx_word' id='word_1_44' title='bbox 768 765 1016 815; x_wconf 86' lang='lat' dir='ltr'>sponsum</span> <span class='ocrx_word' id='word_1_45' title='bbox 1066 764 1285 814; x_wconf 84' lang='lat' dir='ltr'>sponsae</span> <span class='ocrx_word' id='word_1_46' title='bbox 1335 748 1667 814; x_wconf 84' lang='lat' dir='ltr'>comparauit.</span> <span class='ocrx_word' id='word_1_47' title='bbox 1714 765 1830 799; x_wconf 84' lang='lat' dir='ltr'>nam</span> <span class='ocrx_word' id='word_1_48' title='bbox 1880 752 1931 800; x_wconf 91' lang='lat' dir='ltr'>et</span> <span class='ocrx_word' id='word_1_49' title='bbox 1970 749 2012 800; x_wconf 91' lang='lat' dir='ltr'>si</span> <span class='ocrx_word' id='word_1_50' title='bbox 2066 763 2086 794; x_wconf 86' lang='lat'>5</span> 
     </span>
     <span class='ocr_line' id='line_1_7' title="bbox 138 836 2016 903; baseline 0 -15"><span class='ocrx_word' id='word_1_51' title='bbox 138 839 356 889; x_wconf 83' lang='lat' dir='ltr'>animam</span> <span class='ocrx_word' id='word_1_52' title='bbox 400 839 515 903; x_wconf 86' lang='lat' dir='ltr'>quis</span> <span class='ocrx_word' id='word_1_53' title='bbox 551 837 871 889; x_wconf 86' lang='lat' dir='ltr'>contenderit</span> <span class='ocrx_word' id='word_1_54' title='bbox 911 853 1168 903; x_wconf 85' lang='lat' dir='ltr'>sponsam,</span> <span class='ocrx_word' id='word_1_55' title='bbox 1217 837 1304 887; x_wconf 88' lang='lat' dir='ltr'>nel</span> <span class='ocrx_word' id='word_1_56' title='bbox 1344 836 1478 887; x_wconf 86' lang='lat' dir='ltr'>dotis</span> <span class='ocrx_word' id='word_1_57' title='bbox 1527 838 1730 888; x_wconf 89' lang='lat' dir='ltr'>nomine</span> <span class='ocrx_word' id='word_1_58' title='bbox 1771 840 2016 903; x_wconf 85' lang='lat' dir='ltr'>sequetur</span> 
     </span>
     <span class='ocr_line' id='line_1_8' title="bbox 137 924 2016 991; baseline 0 -16"><span class='ocrx_word' id='word_1_59' title='bbox 137 926 359 976; x_wconf 87' lang='lat' dir='ltr'>animam</span> <span class='ocrx_word' id='word_1_60' title='bbox 402 941 531 976; x_wconf 86' lang='lat' dir='ltr'>caro.</span> <span class='ocrx_word' id='word_1_61' title='bbox 571 941 669 976; x_wconf 84' lang='lat' dir='ltr'>non</span> <span class='ocrx_word' id='word_1_62' title='bbox 712 925 807 976; x_wconf 87' lang='lat' dir='ltr'>erit</span> <span class='ocrx_word' id='word_1_63' title='bbox 847 925 1016 975; x_wconf 88' lang='lat' dir='ltr'>anima</span> <span class='ocrx_word' id='word_1_64' title='bbox 1061 925 1362 990; x_wconf 78' lang='lat' dir='ltr'>prostituta.</span> <span class='ocrx_word' id='word_1_65' title='bbox 1411 927 1470 974; x_wconf 84' lang='lat' dir='ltr'>ut</span> <span class='ocrx_word' id='word_1_66' title='bbox 1515 924 1651 975; x_wconf 86' lang='lat' dir='ltr'>nuda</span> <span class='ocrx_word' id='word_1_67' title='bbox 1703 925 2016 991; x_wconf 70' lang='lat' dir='ltr'>suscipiatur</span> 
     </span>
     <span class='ocr_line' id='line_1_9' title="bbox 137 1012 2009 1079; baseline 0.001 -17"><span class='ocrx_word' id='word_1_68' title='bbox 137 1029 164 1062; x_wconf 93' lang='lat' dir='ltr'>a</span> <span class='ocrx_word' id='word_1_69' title='bbox 191 1029 396 1079; x_wconf 86' lang='lat' dir='ltr'>sponso.</span> <span class='ocrx_word' id='word_1_70' title='bbox 430 1014 587 1064; x_wconf 84' lang='lat' dir='ltr'>habet</span> <span class='ocrx_word' id='word_1_71' title='bbox 611 1013 1033 1073; x_wconf 64' lang='lat' dir='ltr'>instrumentum,</span> <span class='ocrx_word' id='word_1_72' title='bbox 1069 1012 1226 1062; x_wconf 87' lang='lat' dir='ltr'>habet</span> <span class='ocrx_word' id='word_1_73' title='bbox 1258 1013 1477 1072; x_wconf 90' lang='lat' dir='ltr'>cultum,</span> <span class='ocrx_word' id='word_1_74' title='bbox 1512 1013 1668 1063; x_wconf 84' lang='lat' dir='ltr'>habet</span> <span class='ocrx_word' id='word_1_75' title='bbox 1698 1012 2009 1079; x_wconf 76' lang='lat' dir='ltr'>mancipium</span> 
     </span>
     <span class='ocr_line' id='line_1_10' title="bbox 137 1100 2013 1167; baseline -0.001 -15"><span class='ocrx_word' id='word_1_76' title='bbox 137 1117 287 1152; x_wconf 88' lang='lat' dir='ltr'>suum</span> <span class='ocrx_word' id='word_1_77' title='bbox 323 1117 546 1163; x_wconf 74' lang='lat' dir='ltr'>carnem,</span> <span class='ocrx_word' id='word_1_78' title='bbox 588 1104 648 1152; x_wconf 87' lang='lat' dir='ltr'>ut</span> <span class='ocrx_word' id='word_1_79' title='bbox 681 1102 997 1152; x_wconf 84' lang='lat' dir='ltr'>collactanea</span> <span class='ocrx_word' id='word_1_80' title='bbox 1031 1101 1378 1152; x_wconf 75' lang='lat' dir='ltr'>comitabitur.</span> <span class='ocrx_word' id='word_1_81' title='bbox 1423 1100 1513 1151; x_wconf 85' lang='lat' dir='ltr'>sed</span> <span class='ocrx_word' id='word_1_82' title='bbox 1548 1116 1662 1152; x_wconf 88' lang='lat' dir='ltr'>caro</span> <span class='ocrx_word' id='word_1_83' title='bbox 1698 1103 1777 1151; x_wconf 90' lang='lat' dir='ltr'>est</span> <span class='ocrx_word' id='word_1_84' title='bbox 1810 1116 2013 1167; x_wconf 83' lang='lat' dir='ltr'>sponsa,</span> 
     </span>
     <span class='ocr_line' id='line_1_11' title="bbox 137 1188 2086 1256; baseline 0 -17"><span class='ocrx_word' id='word_1_85' title='bbox 137 1205 264 1255; x_wconf 82' lang='lat' dir='ltr'>quae</span> <span class='ocrx_word' id='word_1_86' title='bbox 320 1192 369 1239; x_wconf 90' lang='lat' dir='ltr'>et</span> <span class='ocrx_word' id='word_1_87' title='bbox 421 1190 471 1239; x_wconf 93' lang='lat' dir='ltr'>in</span> <span class='ocrx_word' id='word_1_88' title='bbox 532 1188 738 1240; x_wconf 86' lang='lat' dir='ltr'>Christo</span> <span class='ocrx_word' id='word_1_89' title='bbox 793 1189 913 1240; x_wconf 79' lang='lat' dir='ltr'>Iesu</span> <span class='ocrx_word' id='word_1_90' title='bbox 969 1188 1208 1255; x_wconf 86' lang='lat' dir='ltr'>spiritum</span> <span class='ocrx_word' id='word_1_91' title='bbox 1266 1204 1512 1254; x_wconf 89' lang='lat' dir='ltr'>sponsum</span> <span class='ocrx_word' id='word_1_92' title='bbox 1569 1204 1658 1254; x_wconf 86' lang='lat' dir='ltr'>per</span> <span class='ocrx_word' id='word_1_93' title='bbox 1711 1189 2011 1256; x_wconf 82' lang='lat' dir='ltr'>sanguinem</span> <span class='ocrx_word' id='word_1_94' title='bbox 2046 1203 2086 1234; x_wconf 85' lang='lat'>10</span> 
     </span>
     <span class='ocr_line' id='line_1_12' title="bbox 134 1275 2012 1341; baseline 0.001 -15"><span class='ocrx_word' id='word_1_95' title='bbox 134 1292 287 1341; x_wconf 85' lang='lat' dir='ltr'>passa</span> <span class='ocrx_word' id='word_1_96' title='bbox 327 1282 417 1328; x_wconf 87' lang='lat' dir='ltr'>est.</span> <span class='ocrx_word' id='word_1_97' title='bbox 461 1276 616 1327; x_wconf 89' lang='lat' dir='ltr'>huius</span> <span class='ocrx_word' id='word_1_98' title='bbox 656 1276 944 1335; x_wconf 83' lang='lat' dir='ltr'>interitum,</span> <span class='ocrx_word' id='word_1_99' title='bbox 989 1291 1141 1340; x_wconf 87' lang='lat' dir='ltr'>quem</span> <span class='ocrx_word' id='word_1_100' title='bbox 1179 1280 1351 1340; x_wconf 85' lang='lat' dir='ltr'>putas,</span> <span class='ocrx_word' id='word_1_101' title='bbox 1395 1290 1662 1325; x_wconf 85' lang='lat' dir='ltr'>secessum</span> <span class='ocrx_word' id='word_1_102' title='bbox 1705 1275 1838 1326; x_wconf 84' lang='lat' dir='ltr'>scias</span> <span class='ocrx_word' id='word_1_103' title='bbox 1873 1291 2012 1327; x_wconf 87' lang='lat' dir='ltr'>esse:</span> 
     </span>
     <span class='ocr_line' id='line_1_13' title="bbox 133 1363 2012 1429; baseline 0.001 -16"><span class='ocrx_word' id='word_1_104' title='bbox 133 1379 231 1414; x_wconf 90' lang='lat' dir='ltr'>non</span> <span class='ocrx_word' id='word_1_105' title='bbox 266 1365 377 1415; x_wconf 90' lang='lat' dir='ltr'>sola</span> <span class='ocrx_word' id='word_1_106' title='bbox 409 1363 577 1414; x_wconf 87' lang='lat' dir='ltr'>anima</span> <span class='ocrx_word' id='word_1_107' title='bbox 611 1364 901 1429; x_wconf 76' lang='lat' dir='ltr'>seponitur3</span> <span class='ocrx_word' id='word_1_108' title='bbox 938 1363 1094 1413; x_wconf 90' lang='lat' dir='ltr'>habet</span> <span class='ocrx_word' id='word_1_109' title='bbox 1128 1366 1178 1413; x_wconf 89' lang='lat' dir='ltr'>et</span> <span class='ocrx_word' id='word_1_110' title='bbox 1212 1378 1325 1414; x_wconf 79' lang='lat' dir='ltr'>caro</span> <span class='ocrx_word' id='word_1_111' title='bbox 1361 1378 1601 1414; x_wconf 88' lang='lat' dir='ltr'>secessus</span> <span class='ocrx_word' id='word_1_112' title='bbox 1636 1379 1758 1414; x_wconf 88' lang='lat' dir='ltr'>suos</span> <span class='ocrx_word' id='word_1_113' title='bbox 1791 1363 2012 1424; x_wconf 87' lang='lat' dir='ltr'>interim,</span> 
     </span>
     <span class='ocr_line' id='line_1_14' title="bbox 133 1451 2014 1519; baseline 0 -18"><span class='ocrx_word' id='word_1_114' title='bbox 133 1452 182 1501; x_wconf 89' lang='lat' dir='ltr'>in</span> <span class='ocrx_word' id='word_1_115' title='bbox 238 1452 401 1517; x_wconf 85' lang='lat' dir='ltr'>aquis,</span> <span class='ocrx_word' id='word_1_116' title='bbox 463 1453 514 1502; x_wconf 89' lang='lat' dir='ltr'>in</span> <span class='ocrx_word' id='word_1_117' title='bbox 569 1452 797 1519; x_wconf 79' lang='lat' dir='ltr'>ignibus,</span> <span class='ocrx_word' id='word_1_118' title='bbox 852 1452 903 1502; x_wconf 90' lang='lat' dir='ltr'>in</span> <span class='ocrx_word' id='word_1_119' title='bbox 960 1452 1192 1502; x_wconf 74' lang='lat' dir='ltr'>alitibus.</span> <span class='ocrx_word' id='word_1_120' title='bbox 1249 1451 1298 1500; x_wconf 88' lang='lat' dir='ltr'>in</span> <span class='ocrx_word' id='word_1_121' title='bbox 1356 1451 1556 1503; x_wconf 82' lang='lat' dir='ltr'>bestiis,</span> <span class='ocrx_word' id='word_1_122' title='bbox 1614 1451 1833 1502; x_wconf 88' lang='lat' dir='ltr'>cum.in</span> <span class='ocrx_word' id='word_1_123' title='bbox 1889 1452 2014 1502; x_wconf 80' lang='lat' dir='ltr'>haee</span> 
     </span>
     <span class='ocr_line' id='line_1_15' title="bbox 134 1538 2016 1606; baseline 0.001 -18"><span class='ocrx_word' id='word_1_124' title='bbox 134 1539 352 1591; x_wconf 91' lang='lat' dir='ltr'>dissolui</span> <span class='ocrx_word' id='word_1_125' title='bbox 408 1539 630 1601; x_wconf 85' lang='lat' dir='ltr'>uidetur,</span> <span class='ocrx_word' id='word_1_126' title='bbox 687 1541 835 1590; x_wconf 88' lang='lat' dir='ltr'>uelut</span> <span class='ocrx_word' id='word_1_127' title='bbox 881 1540 931 1590; x_wconf 88' lang='lat' dir='ltr'>in</span> <span class='ocrx_word' id='word_1_128' title='bbox 979 1555 1107 1590; x_wconf 87' lang='lat' dir='ltr'>uasa</span> <span class='ocrx_word' id='word_1_129' title='bbox 1152 1538 1548 1589; x_wconf 66' lang='lat' dir='ltr'>transfunditur.</span> <span class='ocrx_word' id='word_1_130' title='bbox 1607 1539 1650 1590; x_wconf 88' lang='lat' dir='ltr'>si</span> <span class='ocrx_word' id='word_1_131' title='bbox 1699 1539 1855 1590; x_wconf 89' lang='lat' dir='ltr'>etiam</span> <span class='ocrx_word' id='word_1_132' title='bbox 1902 1539 2016 1606; x_wconf 84' lang='lat' dir='ltr'>ipsa</span> 
     </span>
     <span class='ocr_line' id='line_1_16' title="bbox 132 1627 2085 1692; baseline 0 -15"><span class='ocrx_word' id='word_1_133' title='bbox 132 1642 259 1678; x_wconf 81' lang='lat' dir='ltr'>uasa</span> <span class='ocrx_word' id='word_1_134' title='bbox 299 1627 598 1689; x_wconf 69' lang='lat' dir='ltr'>defecerint,</span> <span class='ocrx_word' id='word_1_135' title='bbox 641 1643 759 1678; x_wconf 86' lang='lat' dir='ltr'>cum</span> <span class='ocrx_word' id='word_1_136' title='bbox 801 1628 861 1678; x_wconf 86' lang='lat' dir='ltr'>de</span> <span class='ocrx_word' id='word_1_137' title='bbox 904 1627 1009 1678; x_wconf 82' lang='lat' dir='ltr'>iilis</span> <span class='ocrx_word' id='word_1_138' title='bbox 1052 1642 1256 1692; x_wconf 86' lang='lat' dir='ltr'>quoque</span> <span class='ocrx_word' id='word_1_139' title='bbox 1290 1627 1545 1677; x_wconf 79' lang='lat' dir='ltr'>effluxerit</span> <span class='ocrx_word' id='word_1_140' title='bbox 1576 1627 1626 1677; x_wconf 87' lang='lat' dir='ltr'>in</span> <span class='ocrx_word' id='word_1_141' title='bbox 1661 1642 1806 1678; x_wconf 87' lang='lat' dir='ltr'>suam</span> <span class='ocrx_word' id='word_1_142' title='bbox 1839 1627 2012 1677; x_wconf 88' lang='lat' dir='ltr'>matri·</span> <span class='ocrx_word' id='word_1_143' title='bbox 2046 1641 2085 1671; x_wconf 85' lang='lat'>15</span> 
     </span>
     <span class='ocr_line' id='line_1_17' title="bbox 133 1715 2007 1783; baseline -0.001 -18"><span class='ocrx_word' id='word_1_144' title='bbox 133 1730 243 1765; x_wconf 90' lang='lat' dir='ltr'>cem</span> <span class='ocrx_word' id='word_1_145' title='bbox 283 1717 468 1766; x_wconf 85' lang='lat' dir='ltr'>terram</span> <span class='ocrx_word' id='word_1_146' title='bbox 514 1716 661 1781; x_wconf 80' lang='lat' dir='ltr'>quasi</span> <span class='ocrx_word' id='word_1_147' title='bbox 701 1731 792 1782; x_wconf 88' lang='lat' dir='ltr'>per</span> <span class='ocrx_word' id='word_1_148' title='bbox 832 1716 1096 1783; x_wconf 75' lang='lat' dir='ltr'>ambages,</span> <span class='ocrx_word' id='word_1_149' title='bbox 1137 1715 1450 1776; x_wconf 80' lang='lat' dir='ltr'>resorbetur,</span> <span class='ocrx_word' id='word_1_150' title='bbox 1499 1717 1558 1765; x_wconf 88' lang='lat' dir='ltr'>ut</span> <span class='ocrx_word' id='word_1_151' title='bbox 1602 1730 1783 1766; x_wconf 86' lang='lat' dir='ltr'>rursus</span> <span class='ocrx_word' id='word_1_152' title='bbox 1825 1731 1882 1766; x_wconf 80' lang='lat' dir='ltr'>ex</span> <span class='ocrx_word' id='word_1_153' title='bbox 1919 1715 2007 1765; x_wconf 85' lang='lat' dir='ltr'>illa</span> 
     </span>
     <span class='ocr_line' id='line_1_18' title="bbox 131 1802 2007 1870; baseline 0.001 -17"><span class='ocrx_word' id='word_1_154' title='bbox 131 1806 544 1870; x_wconf 85' lang='lat' dir='ltr'>repraesentetur</span> <span class='ocrx_word' id='word_1_155' title='bbox 575 1803 740 1854; x_wconf 87' lang='lat' dir='ltr'>Adam</span> <span class='ocrx_word' id='word_1_156' title='bbox 775 1804 1048 1855; x_wconf 71' lang='lat' dir='ltr'>auditurus</span> <span class='ocrx_word' id='word_1_157' title='bbox 1083 1819 1111 1853; x_wconf 91' lang='lat' dir='ltr'>a</span> <span class='ocrx_word' id='word_1_158' title='bbox 1145 1802 1373 1854; x_wconf 90' lang='lat' dir='ltr'>domino:</span> <span class='ocrx_word' id='word_1_159' title='bbox 1410 1818 1555 1853; x_wconf 91' lang='lat' dir='ltr'>ecce</span> <span class='ocrx_word' id='word_1_160' title='bbox 1587 1802 1784 1853; x_wconf 87' lang='lat' dir='ltr'>Adam</span> <span class='ocrx_word' id='word_1_161' title='bbox 1818 1803 2007 1869; x_wconf 87' lang='lat' dir='ltr'>quasi</span> 
     </span>
     <span class='ocr_line' id='line_1_19' title="bbox 130 1891 2005 1956; baseline 0 -16"><span class='ocrx_word' id='word_1_162' title='bbox 130 1907 294 1943; x_wconf 87' lang='lat' dir='ltr'>unus</span> <span class='ocrx_word' id='word_1_163' title='bbox 353 1907 420 1942; x_wconf 82' lang='lat' dir='ltr'>ex</span> <span class='ocrx_word' id='word_1_164' title='bbox 476 1891 666 1942; x_wconf 82' lang='lat' dir='ltr'>nobis</span> <span class='ocrx_word' id='word_1_165' title='bbox 722 1891 947 1942; x_wconf 84' lang='lat' dir='ltr'>factus</span> <span class='ocrx_word' id='word_1_166' title='bbox 1006 1894 1122 1951; x_wconf 89' lang='lat' dir='ltr'>est,</span> <span class='ocrx_word' id='word_1_167' title='bbox 1179 1906 1299 1941; x_wconf 89' lang='lat' dir='ltr'>uere</span> <span class='ocrx_word' id='word_1_168' title='bbox 1356 1893 1477 1940; x_wconf 89' lang='lat' dir='ltr'>tunc</span> <span class='ocrx_word' id='word_1_169' title='bbox 1536 1906 1793 1956; x_wconf 88' lang='lat' dir='ltr'>compos</span> <span class='ocrx_word' id='word_1_170' title='bbox 1833 1891 2005 1951; x_wconf 83' lang='lat' dir='ltr'>mali,</span> 
     </span>
     <span class='ocr_line' id='line_1_20' title="bbox 132 1977 2005 2043; baseline 0.001 -15"><span class='ocrx_word' id='word_1_171' title='bbox 132 1978 268 2043; x_wconf 88' lang='lat' dir='ltr'>quod</span> <span class='ocrx_word' id='word_1_172' title='bbox 324 1978 508 2040; x_wconf 85' lang='lat' dir='ltr'>euasit,</span> <span class='ocrx_word' id='word_1_173' title='bbox 565 1981 627 2028; x_wconf 92' lang='lat' dir='ltr'>et</span> <span class='ocrx_word' id='word_1_174' title='bbox 682 1978 850 2040; x_wconf 76' lang='lat' dir='ltr'>boni,</span> <span class='ocrx_word' id='word_1_175' title='bbox 908 1978 1046 2043; x_wconf 86' lang='lat' dir='ltr'>quod</span> <span class='ocrx_word' id='word_1_176' title='bbox 1098 1978 1310 2029; x_wconf 81' lang='lat' dir='ltr'>inuasit.</span> <span class='ocrx_word' id='word_1_177' title='bbox 1369 1977 1508 2043; x_wconf 81' lang='lat' dir='ltr'>quid,</span> <span class='ocrx_word' id='word_1_178' title='bbox 1565 1977 1748 2040; x_wconf 87' lang='lat' dir='ltr'>anima,</span> <span class='ocrx_word' id='word_1_179' title='bbox 1802 1977 2005 2029; x_wconf 87' lang='lat' dir='ltr'>inuides</span> 
     </span>
     <span class='ocr_line' id='line_1_21' title="bbox 131 2063 2078 2133; baseline -0.002 -18"><span class='ocrx_word' id='word_1_180' title='bbox 131 2066 302 2117; x_wconf 78' lang='lat' dir='ltr'>carui?</span> <span class='ocrx_word' id='word_1_181' title='bbox 343 2063 491 2118; x_wconf 87' lang='lat' dir='ltr'>nemo</span> <span class='ocrx_word' id='word_1_182' title='bbox 532 2069 636 2117; x_wconf 86' lang='lat' dir='ltr'>tam</span> <span class='ocrx_word' id='word_1_183' title='bbox 678 2067 943 2132; x_wconf 80' lang='lat' dir='ltr'>proximus</span> <span class='ocrx_word' id='word_1_184' title='bbox 984 2066 1097 2132; x_wconf 82' lang='lat' dir='ltr'>tibi,</span> <span class='ocrx_word' id='word_1_185' title='bbox 1142 2082 1294 2132; x_wconf 89' lang='lat' dir='ltr'>quem</span> <span class='ocrx_word' id='word_1_186' title='bbox 1327 2068 1447 2132; x_wconf 88' lang='lat' dir='ltr'>post</span> <span class='ocrx_word' id='word_1_187' title='bbox 1487 2065 1748 2116; x_wconf 87' lang='lat' dir='ltr'>dominum</span> <span class='ocrx_word' id='word_1_188' title='bbox 1793 2066 2000 2133; x_wconf 79' lang='lat' dir='ltr'>diligas;</span> <span class='ocrx_word' id='word_1_189' title='bbox 2036 2082 2078 2113; x_wconf 84' lang='lat'>20</span> 
     </span>
     <span class='ocr_line' id='line_1_22' title="bbox 129 2153 2005 2222; baseline 0 -18"><span class='ocrx_word' id='word_1_190' title='bbox 129 2170 277 2205; x_wconf 87' lang='lat' dir='ltr'>nemo</span> <span class='ocrx_word' id='word_1_191' title='bbox 312 2155 479 2222; x_wconf 84' lang='lat' dir='ltr'>magis</span> <span class='ocrx_word' id='word_1_192' title='bbox 512 2155 669 2206; x_wconf 86' lang='lat' dir='ltr'>frater</span> <span class='ocrx_word' id='word_1_193' title='bbox 700 2158 841 2216; x_wconf 78' lang='lat' dir='ltr'>tuus,</span> <span class='ocrx_word' id='word_1_194' title='bbox 885 2171 1037 2220; x_wconf 84' lang='lat' dir='ltr'>quam</span> <span class='ocrx_word' id='word_1_195' title='bbox 1073 2170 1201 2220; x_wconf 89' lang='lat' dir='ltr'>quae</span> <span class='ocrx_word' id='word_1_196' title='bbox 1244 2157 1416 2205; x_wconf 83' lang='lat' dir='ltr'>tecum</span> <span class='ocrx_word' id='word_1_197' title='bbox 1451 2154 1605 2205; x_wconf 85' lang='lat' dir='ltr'>etiam</span> <span class='ocrx_word' id='word_1_198' title='bbox 1633 2153 1682 2204; x_wconf 85' lang='lat' dir='ltr'>in</span> <span class='ocrx_word' id='word_1_199' title='bbox 1717 2154 1809 2207; x_wconf 90' lang='lat' dir='ltr'>deo</span> <span class='ocrx_word' id='word_1_200' title='bbox 1842 2153 2005 2205; x_wconf 83' lang='lat' dir='ltr'>nasci-</span> 
     </span>
     <span class='ocr_line' id='line_1_23' title="bbox 130 2242 2004 2308; baseline 0 -16"><span class='ocrx_word' id='word_1_201' title='bbox 130 2246 228 2293; x_wconf 89' lang='lat' dir='ltr'>tur.</span> <span class='ocrx_word' id='word_1_202' title='bbox 269 2245 325 2292; x_wconf 87' lang='lat' dir='ltr'>tu</span> <span class='ocrx_word' id='word_1_203' title='bbox 366 2243 540 2308; x_wconf 87' lang='lat' dir='ltr'>potius</span> <span class='ocrx_word' id='word_1_204' title='bbox 580 2243 658 2293; x_wconf 90' lang='lat' dir='ltr'>illi</span> <span class='ocrx_word' id='word_1_205' title='bbox 699 2259 901 2294; x_wconf 83' lang='lat' dir='ltr'>exorare</span> <span class='ocrx_word' id='word_1_206' title='bbox 945 2243 1194 2293; x_wconf 81' lang='lat' dir='ltr'>debueras</span> <span class='ocrx_word' id='word_1_207' title='bbox 1234 2242 1687 2303; x_wconf 77' lang='lat' dir='ltr'>resurrectionem3</span> <span class='ocrx_word' id='word_1_208' title='bbox 1728 2258 1817 2308; x_wconf 89' lang='lat' dir='ltr'>per</span> <span class='ocrx_word' id='word_1_209' title='bbox 1854 2244 1919 2305; x_wconf 88' lang='lat' dir='ltr'>te,</span> <span class='ocrx_word' id='word_1_210' title='bbox 1959 2242 2004 2292; x_wconf 88' lang='lat' dir='ltr'>si</span> 
     </span>
     <span class='ocr_line' id='line_1_24' title="bbox 130 2330 2003 2397; baseline 0.001 -18"><span class='ocrx_word' id='word_1_211' title='bbox 130 2330 275 2392; x_wconf 82' lang='lat' dir='ltr'>forte,</span> <span class='ocrx_word' id='word_1_212' title='bbox 332 2331 567 2397; x_wconf 87' lang='lat' dir='ltr'>deliquit.</span> <span class='ocrx_word' id='word_1_213' title='bbox 625 2331 716 2382; x_wconf 88' lang='lat' dir='ltr'>sed</span> <span class='ocrx_word' id='word_1_214' title='bbox 770 2331 901 2381; x_wconf 91' lang='lat' dir='ltr'>nihil</span> <span class='ocrx_word' id='word_1_215' title='bbox 953 2331 1157 2391; x_wconf 87' lang='lat' dir='ltr'>mirum,</span> <span class='ocrx_word' id='word_1_216' title='bbox 1215 2330 1259 2380; x_wconf 90' lang='lat' dir='ltr'>si</span> <span class='ocrx_word' id='word_1_217' title='bbox 1307 2330 1479 2391; x_wconf 87' lang='lat' dir='ltr'>odisti,</span> <span class='ocrx_word' id='word_1_218' title='bbox 1537 2330 1686 2381; x_wconf 85' lang='lat' dir='ltr'>cuius</span> <span class='ocrx_word' id='word_1_219' title='bbox 1741 2332 2003 2381; x_wconf 87' lang='lat' dir='ltr'>auctorem</span> 
     </span>
     <span class='ocr_line' id='line_1_25' title="bbox 132 2418 2001 2486; baseline 0 -18"><span class='ocrx_word' id='word_1_220' title='bbox 132 2433 334 2482; x_wconf 88' lang='lat' dir='ltr'>quoque</span> <span class='ocrx_word' id='word_1_221' title='bbox 374 2419 639 2486; x_wconf 84' lang='lat' dir='ltr'>respuisti,</span> <span class='ocrx_word' id='word_1_222' title='bbox 682 2435 834 2484; x_wconf 84' lang='lat' dir='ltr'>quam</span> <span class='ocrx_word' id='word_1_223' title='bbox 878 2421 927 2470; x_wconf 91' lang='lat' dir='ltr'>et</span> <span class='ocrx_word' id='word_1_224' title='bbox 966 2419 1016 2469; x_wconf 89' lang='lat' dir='ltr'>in</span> <span class='ocrx_word' id='word_1_225' title='bbox 1061 2418 1264 2470; x_wconf 86' lang='lat' dir='ltr'>Christo</span> <span class='ocrx_word' id='word_1_226' title='bbox 1305 2420 1396 2469; x_wconf 88' lang='lat' dir='ltr'>aut</span> <span class='ocrx_word' id='word_1_227' title='bbox 1441 2433 1627 2484; x_wconf 82' lang='lat' dir='ltr'>negare</span> <span class='ocrx_word' id='word_1_228' title='bbox 1675 2420 1763 2468; x_wconf 89' lang='lat' dir='ltr'>aut</span> <span class='ocrx_word' id='word_1_229' title='bbox 1801 2420 2001 2468; x_wconf 88' lang='lat' dir='ltr'>mutare</span> 
     </span>
     <span class='ocr_line' id='line_1_26' title="bbox 128 2505 2073 2572; baseline 0 -17"><span class='ocrx_word' id='word_1_230' title='bbox 128 2507 408 2569; x_wconf 81' lang='lat' dir='ltr'>consuesti,</span> <span class='ocrx_word' id='word_1_231' title='bbox 456 2507 668 2572; x_wconf 85' lang='lat' dir='ltr'>proinde</span> <span class='ocrx_word' id='word_1_232' title='bbox 718 2510 768 2557; x_wconf 92' lang='lat' dir='ltr'>et</span> <span class='ocrx_word' id='word_1_233' title='bbox 814 2507 985 2572; x_wconf 89' lang='lat' dir='ltr'>ipsum</span> <span class='ocrx_word' id='word_1_234' title='bbox 1035 2521 1322 2557; x_wconf 88' lang='lat' dir='ltr'>sermonem</span> <span class='ocrx_word' id='word_1_235' title='bbox 1374 2506 1472 2568; x_wconf 90' lang='lat' dir='ltr'>dei,</span> <span class='ocrx_word' id='word_1_236' title='bbox 1530 2505 1618 2571; x_wconf 89' lang='lat' dir='ltr'>qui</span> <span class='ocrx_word' id='word_1_237' title='bbox 1665 2521 1778 2556; x_wconf 85' lang='lat' dir='ltr'>caro</span> <span class='ocrx_word' id='word_1_238' title='bbox 1833 2505 1999 2556; x_wconf 86' lang='lat' dir='ltr'>factus</span> <span class='ocrx_word' id='word_1_239' title='bbox 2031 2523 2073 2555; x_wconf 82' lang='lat'>25</span> 
     </span>
     <span class='ocr_line' id='line_1_27' title="bbox 127 2593 1997 2660; baseline 0 -17"><span class='ocrx_word' id='word_1_240' title='bbox 127 2596 221 2653; x_wconf 86' lang='lat' dir='ltr'>est,</span> <span class='ocrx_word' id='word_1_241' title='bbox 276 2595 361 2644; x_wconf 92' lang='lat' dir='ltr'>uel</span> <span class='ocrx_word' id='word_1_242' title='bbox 417 2595 535 2645; x_wconf 88' lang='lat' dir='ltr'>stilo</span> <span class='ocrx_word' id='word_1_243' title='bbox 592 2595 678 2644; x_wconf 89' lang='lat' dir='ltr'>uel</span> <span class='ocrx_word' id='word_1_244' title='bbox 731 2594 1153 2660; x_wconf 85' lang='lat' dir='ltr'>interpretatione</span> <span class='ocrx_word' id='word_1_245' title='bbox 1208 2609 1554 2659; x_wconf 82' lang='lat' dir='ltr'>corrumpenS,</span> <span class='ocrx_word' id='word_1_246' title='bbox 1610 2608 1791 2644; x_wconf 85' lang='lat' dir='ltr'>arcana</span> <span class='ocrx_word' id='word_1_247' title='bbox 1844 2593 1997 2643; x_wconf 89' lang='lat' dir='ltr'>etiam</span> 
     </span>
     <span class='ocr_line' id='line_1_28' title="bbox 127 2680 1996 2749; baseline 0.001 -18"><span class='ocrx_word' id='word_1_248' title='bbox 127 2683 536 2748; x_wconf 82' lang='lat' dir='ltr'>apocryphorum</span> <span class='ocrx_word' id='word_1_249' title='bbox 571 2682 940 2748; x_wconf 82' lang='lat' dir='ltr'>superducens,</span> <span class='ocrx_word' id='word_1_250' title='bbox 974 2681 1327 2749; x_wconf 83' lang='lat' dir='ltr'>blasphemiae</span> <span class='ocrx_word' id='word_1_251' title='bbox 1359 2681 1579 2732; x_wconf 86' lang='lat' dir='ltr'>fabulas.</span> <span class='ocrx_word' id='word_1_252' title='bbox 1620 2683 1673 2731; x_wconf 89' lang='lat' dir='ltr'>at</span> <span class='ocrx_word' id='word_1_253' title='bbox 1705 2680 1839 2731; x_wconf 90' lang='lat' dir='ltr'>enim</span> <span class='ocrx_word' id='word_1_254' title='bbox 1872 2680 1996 2732; x_wconf 86' lang='lat' dir='ltr'>deus</span> 
     </span>
     <span class='ocr_line' id='line_1_29' title="bbox 124 2768 1997 2835; baseline -0.001 -15"><span class='ocrx_word' id='word_1_255' title='bbox 124 2770 450 2835; x_wconf 88' lang='lat' dir='ltr'>omnipotens</span> <span class='ocrx_word' id='word_1_256' title='bbox 485 2770 734 2820; x_wconf 87' lang='lat' dir='ltr'>aduersus</span> <span class='ocrx_word' id='word_1_257' title='bbox 761 2770 886 2820; x_wconf 85' lang='lat' dir='ltr'>haec</span> <span class='ocrx_word' id='word_1_258' title='bbox 918 2769 1297 2820; x_wconf 85' lang='lat' dir='ltr'>incredulitatis</span> <span class='ocrx_word' id='word_1_259' title='bbox 1325 2772 1375 2820; x_wconf 82' lang='lat' dir='ltr'>et</span> <span class='ocrx_word' id='word_1_260' title='bbox 1405 2768 1762 2835; x_wconf 83' lang='lat' dir='ltr'>peruersitatis</span> <span class='ocrx_word' id='word_1_261' title='bbox 1794 2768 1997 2835; x_wconf 84' lang='lat' dir='ltr'>ingenia</span> 
     </span>
     <span class='ocr_line' id='line_1_30' title="bbox 121 2855 1994 2924; baseline 0.001 -18"><span class='ocrx_word' id='word_1_262' title='bbox 121 2857 579 2921; x_wconf 84' lang='lat' dir='ltr'>prouidentissima</span> <span class='ocrx_word' id='word_1_263' title='bbox 620 2858 785 2924; x_wconf 82' lang='lat' dir='ltr'>gratia</span> <span class='ocrx_word' id='word_1_264' title='bbox 825 2873 918 2908; x_wconf 85' lang='lat' dir='ltr'>sua</span> <span class='ocrx_word' id='word_1_265' title='bbox 967 2857 1229 2908; x_wconf 84' lang='lat' dir='ltr'>effundens</span> <span class='ocrx_word' id='word_1_266' title='bbox 1269 2858 1320 2908; x_wconf 88' lang='lat' dir='ltr'>in</span> <span class='ocrx_word' id='word_1_267' title='bbox 1362 2856 1663 2908; x_wconf 87' lang='lat' dir='ltr'>nouissimis</span> <span class='ocrx_word' id='word_1_268' title='bbox 1712 2856 1893 2908; x_wconf 90' lang='lat' dir='ltr'>diebus</span> <span class='ocrx_word' id='word_1_269' title='bbox 1934 2855 1994 2907; x_wconf 90' lang='lat' dir='ltr'>de</span> 
     </span>
    </p>
   </div>
   <div class='ocr_carea' id='block_1_3' title="bbox 266 3041 1758 3098">
    <p class='ocr_par' dir='ltr' id='par_1_3' title="bbox 266 3041 1758 3098">
     <span class='ocr_line' id='line_1_31' title="bbox 266 3041 1758 3098; baseline -0.001 -13"><span class='ocrx_word' id='word_1_270' title='bbox 266 3043 310 3098; x_wconf 81' lang='lat'>2]</span> <span class='ocrx_word' id='word_1_271' title='bbox 347 3042 399 3085; x_wconf 87' lang='lat' dir='ltr'>cf.</span> <span class='ocrx_word' id='word_1_272' title='bbox 432 3043 453 3085; x_wconf 87' lang='grc' dir='ltr'>Ι</span> <span class='ocrx_word' id='word_1_273' title='bbox 486 3042 596 3084; x_wconf 87' lang='lat' dir='ltr'>Tim.</span> <span class='ocrx_word' id='word_1_274' title='bbox 630 3043 669 3093; x_wconf 77' lang='lat'>2,</span> <span class='ocrx_word' id='word_1_275' title='bbox 704 3045 741 3087; x_wconf 79' lang='lat'>5.</span> <span class='ocrx_word' id='word_1_276' title='bbox 838 3042 905 3098; x_wconf 82' lang='lat'>17]</span> <span class='ocrx_word' id='word_1_277' title='bbox 941 3042 1050 3086; x_wconf 86' lang='lat' dir='ltr'>Gen.</span> <span class='ocrx_word' id='word_1_278' title='bbox 1085 3043 1124 3096; x_wconf 83' lang='lat'>3,</span> <span class='ocrx_word' id='word_1_279' title='bbox 1158 3043 1226 3084; x_wconf 76' lang='lat'>22.</span> <span class='ocrx_word' id='word_1_280' title='bbox 1318 3042 1393 3097; x_wconf 76' lang='lat'>29]</span> <span class='ocrx_word' id='word_1_281' title='bbox 1429 3041 1482 3084; x_wconf 81' lang='lat' dir='ltr'>cf.</span> <span class='ocrx_word' id='word_1_282' title='bbox 1515 3041 1612 3084; x_wconf 90' lang='lat' dir='ltr'>Ioel</span> <span class='ocrx_word' id='word_1_283' title='bbox 1644 3042 1685 3092; x_wconf 85' lang='lat'>3,</span> <span class='ocrx_word' id='word_1_284' title='bbox 1721 3042 1758 3084; x_wconf 89' lang='lat'>1.</span> 
     </span>
    </p>
   </div>
   <div class='ocr_carea' id='block_1_4' title="bbox 115 3141 1992 3492">
    <p class='ocr_par' dir='ltr' id='par_1_4' title="bbox 115 3141 1992 3492">
     <span class='ocr_line' id='line_1_32' title="bbox 181 3141 1992 3198; baseline -0.001 -13"><span class='ocrx_word' id='word_1_285' title='bbox 181 3144 199 3185; x_wconf 94' lang='lat'>1</span> <span class='ocrx_word' id='word_1_286' title='bbox 237 3143 364 3187; x_wconf 89' lang='lat' dir='ltr'>deum</span> <span class='ocrx_word' id='word_1_287' title='bbox 398 3144 451 3196; x_wconf 90' lang='lat' dir='ltr'>P,</span> <span class='ocrx_word' id='word_1_288' title='bbox 493 3143 714 3186; x_wconf 88' lang='lat' dir='ltr'>dominum</span> <span class='ocrx_word' id='word_1_289' title='bbox 756 3144 862 3186; x_wconf 85' lang='lat' dir='ltr'>MF</span> <span class='ocrx_word' id='word_1_290' title='bbox 947 3145 972 3184; x_wconf 78' lang='lat'>5</span> <span class='ocrx_word' id='word_1_291' title='bbox 1013 3143 1287 3198; x_wconf 81' lang='lat' dir='ltr'>comparauit</span> <span class='ocrx_word' id='word_1_292' title='bbox 1317 3141 1474 3194; x_wconf 85' lang='lat' dir='ltr'>PMF,</span> <span class='ocrx_word' id='word_1_293' title='bbox 1515 3141 1849 3185; x_wconf 80' lang='lat' dir='ltr'>confoederauit</span> <span class='ocrx_word' id='word_1_294' title='bbox 1879 3143 1992 3197; x_wconf 72' lang='lat' dir='ltr'>Bmy</span> 
     </span>
     <span class='ocr_line' id='line_1_33' title="bbox 119 3215 1992 3271; baseline -0.001 -12"><span class='ocrx_word' id='word_1_295' title='bbox 119 3217 144 3259; x_wconf 89' lang='lat'><strong>6</strong></span> <span class='ocrx_word' id='word_1_296' title='bbox 178 3218 368 3259; x_wconf 87' lang='lat' dir='ltr'>animam</span> <span class='ocrx_word' id='word_1_297' title='bbox 400 3231 482 3260; x_wconf 85' lang='lat' dir='ltr'>om.</span> <span class='ocrx_word' id='word_1_298' title='bbox 515 3217 559 3258; x_wconf 90' lang='lat' dir='ltr'><em>P</em></span> <span class='ocrx_word' id='word_1_299' title='bbox 588 3217 711 3271; x_wconf 79' lang='lat' dir='ltr'>(add.</span> <span class='ocrx_word' id='word_1_300' title='bbox 743 3215 788 3259; x_wconf 82' lang='lat' dir='ltr'><strong><em>R</em></strong></span> <span class='ocrx_word' id='word_1_301' title='bbox 821 3230 872 3259; x_wconf 77' lang='lat' dir='ltr'>ex</span> <span class='ocrx_word' id='word_1_302' title='bbox 903 3217 1243 3271; x_wconf 70' lang='lat' dir='ltr'>Hirsauyiensi)</span> <span class='ocrx_word' id='word_1_303' title='bbox 1335 3217 1361 3258; x_wconf 84' lang='lat'>9</span> <span class='ocrx_word' id='word_1_304' title='bbox 1395 3215 1612 3258; x_wconf 81' lang='lat' dir='ltr'>collatane</span> <span class='ocrx_word' id='word_1_305' title='bbox 1642 3215 1691 3258; x_wconf 87' lang='lat' dir='ltr'><em>F</em></span> <span class='ocrx_word' id='word_1_306' title='bbox 1778 3215 1827 3257; x_wconf 90' lang='lat'>11</span> <span class='ocrx_word' id='word_1_307' title='bbox 1862 3228 1992 3271; x_wconf 85' lang='lat' dir='ltr'>passa</span> 
     </span>
     <span class='ocr_line' id='line_1_34' title="bbox 116 3289 1991 3346; baseline -0.002 -13"><span class='ocrx_word' id='word_1_308' title='bbox 116 3289 274 3341; x_wconf 83' lang='lat' dir='ltr'>PMF,</span> <span class='ocrx_word' id='word_1_309' title='bbox 313 3292 444 3346; x_wconf 87' lang='lat' dir='ltr'>pacta</span> <span class='ocrx_word' id='word_1_310' title='bbox 488 3290 570 3333; x_wconf 79' lang='lat' dir='ltr'>Gel</span> <span class='ocrx_word' id='word_1_311' title='bbox 663 3291 714 3331; x_wconf 81' lang='lat'>12</span> <span class='ocrx_word' id='word_1_312' title='bbox 755 3303 952 3332; x_wconf 87' lang='lat' dir='ltr'>secessus</span> <span class='ocrx_word' id='word_1_313' title='bbox 991 3289 1148 3342; x_wconf 81' lang='lat' dir='ltr'>PMF,</span> <span class='ocrx_word' id='word_1_314' title='bbox 1190 3291 1309 3331; x_wconf 88' lang='lat' dir='ltr'>sinus</span> <span class='ocrx_word' id='word_1_315' title='bbox 1341 3290 1455 3343; x_wconf 73' lang='lat' dir='ltr'>Bmy</span> <span class='ocrx_word' id='word_1_316' title='bbox 1546 3289 1597 3330; x_wconf 84' lang='lat'>17</span> <span class='ocrx_word' id='word_1_317' title='bbox 1635 3291 1991 3343; x_wconf 78' lang='lat' dir='ltr'>repraesentetur</span> 
     </span>
     <span class='ocr_line' id='line_1_35' title="bbox 115 3362 1990 3419; baseline -0.002 -13"><span class='ocrx_word' id='word_1_318' title='bbox 115 3363 319 3413; x_wconf 78' lang='lat' dir='ltr'>MFGel,</span> <span class='ocrx_word' id='word_1_319' title='bbox 344 3362 719 3419; x_wconf 80' lang='lat' dir='ltr'>praesenteturP</span> <span class='ocrx_word' id='word_1_320' title='bbox 801 3364 852 3405; x_wconf 83' lang='lat'>19</span> <span class='ocrx_word' id='word_1_321' title='bbox 880 3364 1024 3406; x_wconf 89' lang='lat' dir='ltr'>euasit</span> <span class='ocrx_word' id='word_1_322' title='bbox 1044 3363 1141 3417; x_wconf 81' lang='lat' dir='ltr'>(alt.</span> <span class='ocrx_word' id='word_1_323' title='bbox 1168 3363 1280 3416; x_wconf 79' lang='lat' dir='ltr'>loco)</span> <span class='ocrx_word' id='word_1_324' title='bbox 1304 3363 1364 3404; x_wconf 89' lang='lat' dir='ltr'><em>M</em></span> <span class='ocrx_word' id='word_1_325' title='bbox 1383 3363 1514 3418; x_wconf 74' lang='lat' dir='ltr'>(corr.</span> <span class='ocrx_word' id='word_1_326' title='bbox 1537 3377 1592 3404; x_wconf 85' lang='lat' dir='ltr'>m.</span> <span class='ocrx_word' id='word_1_327' title='bbox 1618 3364 1657 3415; x_wconf 86' lang='lat'>1)</span> <span class='ocrx_word' id='word_1_328' title='bbox 1747 3362 1800 3403; x_wconf 80' lang='lat'>21</span> <span class='ocrx_word' id='word_1_329' title='bbox 1826 3375 1990 3417; x_wconf 48' lang='lat' dir='ltr'>Lquam,</span> 
     </span>
     <span class='ocr_line' id='line_1_36' title="bbox 116 3435 1791 3492; baseline -0.001 -14"><span class='ocrx_word' id='word_1_330' title='bbox 116 3449 227 3492; x_wconf 87' lang='lat' dir='ltr'>quae</span> <span class='ocrx_word' id='word_1_331' title='bbox 258 3437 316 3490; x_wconf 86' lang='lat' dir='ltr'>B,</span> <span class='ocrx_word' id='word_1_332' title='bbox 350 3450 460 3491; x_wconf 85' lang='lat' dir='ltr'>quae</span> <span class='ocrx_word' id='word_1_333' title='bbox 494 3436 640 3478; x_wconf 84' lang='lat' dir='ltr'>PMF</span> <span class='ocrx_word' id='word_1_334' title='bbox 725 3438 779 3479; x_wconf 73' lang='lat'>28</span> <span class='ocrx_word' id='word_1_335' title='bbox 811 3437 920 3479; x_wconf 85' lang='lat' dir='ltr'>haec</span> <span class='ocrx_word' id='word_1_336' title='bbox 952 3450 1033 3482; x_wconf 87' lang='lat' dir='ltr'>om,</span> <span class='ocrx_word' id='word_1_337' title='bbox 1067 3436 1110 3478; x_wconf 90' lang='lat' dir='ltr'><em>P</em></span> <span class='ocrx_word' id='word_1_338' title='bbox 1139 3436 1263 3490; x_wconf 78' lang='lat' dir='ltr'>(add.</span> <span class='ocrx_word' id='word_1_339' title='bbox 1296 3436 1339 3479; x_wconf 86' lang='lat' dir='ltr'><em>R</em></span> <span class='ocrx_word' id='word_1_340' title='bbox 1372 3449 1425 3478; x_wconf 74' lang='lat' dir='ltr'>ex</span> <span class='ocrx_word' id='word_1_341' title='bbox 1455 3435 1791 3491; x_wconf 70' lang='lat' dir='ltr'>Hirsauyiensi)</span> 
     </span>
    </p>
   </div>
  </div>
 </body>
</html>
