<?xml version="1.0" encoding="UTF-8"?>
<!DOCTYPE html PUBLIC "-//W3C//DTD XHTML 1.0 Transitional//EN"
    "http://www.w3.org/TR/xhtml1/DTD/xhtml1-transitional.dtd">
<html xmlns="http://www.w3.org/1999/xhtml" xml:lang="en" lang="en">
 <head>
  <title>
</title>
<meta http-equiv="Content-Type" content="text/html;charset=utf-8" />
  <meta name='ocr-system' content='tesseract 3.04.00' />
  <meta name='ocr-capabilities' content='ocr_page ocr_carea ocr_par ocr_line ocrx_word'/>
</head>
<body>
  <div class='ocr_page' id='page_1' title='image "./quintiseptimiflo47tertuoft_0605.png"; bbox 0 0 2248 3646; ppageno 0'>
   <div class='ocr_carea' id='block_1_1' title="bbox 89 1162 125 1190">
    <p class='ocr_par' dir='ltr' id='par_1_1' title="bbox 89 1162 125 1190">
     <span class='ocr_line' id='line_1_1' title="bbox 89 1162 125 1190; baseline -0.028 0"><span class='ocrx_word' id='word_1_1' title='bbox 89 1162 125 1190; x_wconf 82' lang='lat'>10</span> 
     </span>
    </p>
   </div>
   <div class='ocr_carea' id='block_1_2' title="bbox 86 1586 122 1616">
    <p class='ocr_par' dir='ltr' id='par_1_2' title="bbox 86 1586 122 1616">
     <span class='ocr_line' id='line_1_2' title="bbox 86 1586 122 1616; baseline 0.056 -2"><span class='ocrx_word' id='word_1_2' title='bbox 86 1586 122 1616; x_wconf 84' lang='lat'>15</span> 
     </span>
    </p>
   </div>
   <div class='ocr_carea' id='block_1_3' title="bbox 82 2011 123 2041">
    <p class='ocr_par' dir='ltr' id='par_1_3' title="bbox 82 2011 123 2041">
     <span class='ocr_line' id='line_1_3' title="bbox 82 2011 123 2041; baseline -0.024 0"><span class='ocrx_word' id='word_1_3' title='bbox 82 2011 123 2041; x_wconf 78' lang='lat'>20</span> 
     </span>
    </p>
   </div>
   <div class='ocr_carea' id='block_1_4' title="bbox 481 223 1971 282">
    <p class='ocr_par' dir='ltr' id='par_1_4' title="bbox 481 223 1971 282">
     <span class='ocr_line' id='line_1_4' title="bbox 481 223 1971 282; baseline 0.003 -18"><span class='ocrx_word' id='word_1_4' title='bbox 481 223 574 265; x_wconf 87' lang='lat' dir='ltr'>VH.</span> <span class='ocrx_word' id='word_1_5' title='bbox 606 224 868 265; x_wconf 86' lang='lat' dir='ltr'>Aduersus</span> <span class='ocrx_word' id='word_1_6' title='bbox 899 226 1214 266; x_wconf 79' lang='lat' dir='ltr'>Marcionem</span> <span class='ocrx_word' id='word_1_7' title='bbox 1247 226 1319 267; x_wconf 89' lang='lat' dir='ltr'>lib.</span> <span class='ocrx_word' id='word_1_8' title='bbox 1351 227 1451 268; x_wconf 67' lang='lat'>1111,</span> <span class='ocrx_word' id='word_1_9' title='bbox 1484 229 1664 270; x_wconf 69' lang='lat'>42—43.</span> <span class='ocrx_word' id='word_1_10' title='bbox 1874 234 1971 282; x_wconf 76' lang='grc'>565</span> 
     </span>
    </p>
   </div>
   <div class='ocr_carea' id='block_1_5' title="bbox 150 379 1974 2401">
    <p class='ocr_par' dir='ltr' id='par_1_5' title="bbox 153 379 1974 1974">
     <span class='ocr_line' id='line_1_5' title="bbox 161 379 1973 446; baseline 0.004 -19"><span class='ocrx_word' id='word_1_11' title='bbox 161 381 244 443; x_wconf 85' lang='lat' dir='ltr'>qui</span> <span class='ocrx_word' id='word_1_12' title='bbox 291 379 554 444; x_wconf 73' lang='lat' dir='ltr'>expiratur.</span> <span class='ocrx_word' id='word_1_13' title='bbox 603 381 644 430; x_wconf 88' lang='lat' dir='ltr'>si</span> <span class='ocrx_word' id='word_1_14' title='bbox 685 381 890 444; x_wconf 87' lang='lat' dir='ltr'>spiritus</span> <span class='ocrx_word' id='word_1_15' title='bbox 932 381 1194 444; x_wconf 80' lang='lat' dir='ltr'>expiratur,</span> <span class='ocrx_word' id='word_1_16' title='bbox 1244 381 1300 430; x_wconf 89' lang='lat' dir='ltr'>ab</span> <span class='ocrx_word' id='word_1_17' title='bbox 1343 381 1437 429; x_wconf 86' lang='lat' dir='ltr'>alio</span> <span class='ocrx_word' id='word_1_18' title='bbox 1487 383 1735 446; x_wconf 72' lang='lat' dir='ltr'>expiretur</span> <span class='ocrx_word' id='word_1_19' title='bbox 1771 398 1973 434; x_wconf 87' lang='lat' dir='ltr'>necesse</span> 
     </span>
     <span class='ocr_line' id='line_1_6' title="bbox 159 464 1974 530; baseline 0.002 -16"><span class='ocrx_word' id='word_1_20' title='bbox 159 468 250 514; x_wconf 88' lang='lat' dir='ltr'>est.</span> <span class='ocrx_word' id='word_1_21' title='bbox 291 464 469 528; x_wconf 90' lang='lat' dir='ltr'>quodsi</span> <span class='ocrx_word' id='word_1_22' title='bbox 508 465 646 514; x_wconf 87' lang='lat' dir='ltr'>solus</span> <span class='ocrx_word' id='word_1_23' title='bbox 687 465 892 529; x_wconf 87' lang='lat' dir='ltr'>spiritus</span> <span class='ocrx_word' id='word_1_24' title='bbox 932 466 1131 519; x_wconf 74' lang='lat' dir='ltr'>fuisset,</span> <span class='ocrx_word' id='word_1_25' title='bbox 1179 465 1474 515; x_wconf 74' lang='lat' dir='ltr'>discessisse</span> <span class='ocrx_word' id='word_1_26' title='bbox 1522 468 1688 530; x_wconf 80' lang='lat' dir='ltr'>petius</span> <span class='ocrx_word' id='word_1_27' title='bbox 1730 467 1974 518; x_wconf 75' lang='lat' dir='ltr'>diceretur</span> 
     </span>
     <span class='ocr_line' id='line_1_7' title="bbox 161 549 1970 616; baseline 0.002 -18"><span class='ocrx_word' id='word_1_28' title='bbox 161 565 304 613; x_wconf 85' lang='lat' dir='ltr'>quarn</span> <span class='ocrx_word' id='word_1_29' title='bbox 354 549 616 613; x_wconf 83' lang='lat' dir='ltr'>expirasse.</span> <span class='ocrx_word' id='word_1_30' title='bbox 665 550 774 612; x_wconf 89' lang='lat' dir='ltr'>quis</span> <span class='ocrx_word' id='word_1_31' title='bbox 822 550 977 614; x_wconf 82' lang='lat' dir='ltr'>igitur</span> <span class='ocrx_word' id='word_1_32' title='bbox 1017 549 1205 613; x_wconf 84' lang='lat' dir='ltr'>expirat</span> <span class='ocrx_word' id='word_1_33' title='bbox 1253 551 1482 613; x_wconf 87' lang='lat' dir='ltr'>spiritum</span> <span class='ocrx_word' id='word_1_34' title='bbox 1533 552 1627 601; x_wconf 87' lang='lat' dir='ltr'>uisi</span> <span class='ocrx_word' id='word_1_35' title='bbox 1674 566 1799 601; x_wconf 81' lang='lat' dir='ltr'>care.</span> <span class='ocrx_word' id='word_1_36' title='bbox 1848 569 1970 616; x_wconf 87' lang='lat' dir='ltr'>quae</span> 
     </span>
     <span class='ocr_line' id='line_1_8' title="bbox 159 634 1970 701; baseline 0.002 -17"><span class='ocrx_word' id='word_1_37' title='bbox 159 638 208 685; x_wconf 90' lang='lat' dir='ltr'>et</span> <span class='ocrx_word' id='word_1_38' title='bbox 246 635 401 699; x_wconf 88' lang='lat' dir='ltr'>spirat</span> <span class='ocrx_word' id='word_1_39' title='bbox 440 634 634 698; x_wconf 87' lang='lat' dir='ltr'>quando</span> <span class='ocrx_word' id='word_1_40' title='bbox 675 635 818 684; x_wconf 89' lang='lat' dir='ltr'>illum</span> <span class='ocrx_word' id='word_1_41' title='bbox 860 635 1010 684; x_wconf 90' lang='lat' dir='ltr'>habet</span> <span class='ocrx_word' id='word_1_42' title='bbox 1049 639 1097 683; x_wconf 86' lang='lat' dir='ltr'>et</span> <span class='ocrx_word' id='word_1_43' title='bbox 1128 635 1198 683; x_wconf 89' lang='lat' dir='ltr'>ita</span> <span class='ocrx_word' id='word_1_44' title='bbox 1231 651 1344 684; x_wconf 89' lang='lat' dir='ltr'>eum</span> <span class='ocrx_word' id='word_1_45' title='bbox 1378 651 1489 684; x_wconf 81' lang='lat' dir='ltr'>cum</span> <span class='ocrx_word' id='word_1_46' title='bbox 1525 637 1712 685; x_wconf 85' lang='lat' dir='ltr'>amittit</span> <span class='ocrx_word' id='word_1_47' title='bbox 1750 637 1970 701; x_wconf 77' lang='lat' dir='ltr'>expirat?</span> 
     </span>
     <span class='ocr_line' id='line_1_9' title="bbox 159 717 1971 783; baseline 0.002 -16"><span class='ocrx_word' id='word_1_48' title='bbox 159 717 369 782; x_wconf 89' lang='lat' dir='ltr'>denique</span> <span class='ocrx_word' id='word_1_49' title='bbox 423 718 464 767; x_wconf 90' lang='lat' dir='ltr'>si</span> <span class='ocrx_word' id='word_1_50' title='bbox 511 733 622 767; x_wconf 87' lang='lat' dir='ltr'>caro</span> <span class='ocrx_word' id='word_1_51' title='bbox 670 733 763 767; x_wconf 89' lang='lat' dir='ltr'>non</span> <span class='ocrx_word' id='word_1_52' title='bbox 810 717 920 776; x_wconf 82' lang='lat' dir='ltr'>fuit,</span> <span class='ocrx_word' id='word_1_53' title='bbox 976 717 1061 767; x_wconf 84' lang='lat' dir='ltr'>sed</span> <span class='ocrx_word' id='word_1_54' title='bbox 1107 718 1402 782; x_wconf 79' lang='lat' dir='ltr'>phantasma</span> <span class='ocrx_word' id='word_1_55' title='bbox 1449 719 1624 778; x_wconf 78' lang='lat' dir='ltr'>carnis,</span> <span class='ocrx_word' id='word_1_56' title='bbox 1677 720 1971 783; x_wconf 79' lang='lat' dir='ltr'>phantasma</span> 
     </span>
     <span class='ocr_line' id='line_1_10' title="bbox 155 803 1969 870; baseline 0.001 -17"><span class='ocrx_word' id='word_1_57' title='bbox 155 806 320 853; x_wconf 87' lang='lat' dir='ltr'>autem</span> <span class='ocrx_word' id='word_1_58' title='bbox 346 804 549 867; x_wconf 89' lang='lat' dir='ltr'>spiritus</span> <span class='ocrx_word' id='word_1_59' title='bbox 575 803 686 861; x_wconf 89' lang='lat' dir='ltr'>fuit,</span> <span class='ocrx_word' id='word_1_60' title='bbox 713 803 918 867; x_wconf 87' lang='lat' dir='ltr'>spiritus</span> <span class='ocrx_word' id='word_1_61' title='bbox 947 805 1114 852; x_wconf 90' lang='lat' dir='ltr'>autem</span> <span class='ocrx_word' id='word_1_62' title='bbox 1142 803 1470 866; x_wconf 87' lang='lat' dir='ltr'>semetipsum</span> <span class='ocrx_word' id='word_1_63' title='bbox 1498 804 1740 868; x_wconf 80' lang='lat' dir='ltr'>expirauit</span> <span class='ocrx_word' id='word_1_64' title='bbox 1766 807 1814 853; x_wconf 89' lang='lat' dir='ltr'>et</span> <span class='ocrx_word' id='word_1_65' title='bbox 1842 806 1969 870; x_wconf 86' lang='lat' dir='ltr'>expi-</span> 
     </span>
     <span class='ocr_line' id='line_1_11' title="bbox 154 888 1968 954; baseline 0.001 -17"><span class='ocrx_word' id='word_1_66' title='bbox 154 888 304 937; x_wconf 90' lang='lat' dir='ltr'>rando</span> <span class='ocrx_word' id='word_1_67' title='bbox 346 888 594 951; x_wconf 69' lang='lat' dir='ltr'>discessit,</span> <span class='ocrx_word' id='word_1_68' title='bbox 635 888 740 937; x_wconf 89' lang='lat' dir='ltr'>sine</span> <span class='ocrx_word' id='word_1_69' title='bbox 782 888 931 937; x_wconf 89' lang='lat' dir='ltr'>dubio</span> <span class='ocrx_word' id='word_1_70' title='bbox 964 888 1263 953; x_wconf 84' lang='lat' dir='ltr'>phantasma</span> <span class='ocrx_word' id='word_1_71' title='bbox 1302 888 1550 947; x_wconf 75' lang='lat' dir='ltr'>discessit,</span> <span class='ocrx_word' id='word_1_72' title='bbox 1593 904 1704 938; x_wconf 89' lang='lat' dir='ltr'>cum</span> <span class='ocrx_word' id='word_1_73' title='bbox 1745 890 1968 954; x_wconf 76' lang='lat' dir='ltr'>spirituS,</span> 
     </span>
     <span class='ocr_line' id='line_1_12' title="bbox 157 973 1969 1038; baseline 0.001 -16"><span class='ocrx_word' id='word_1_74' title='bbox 157 974 240 1037; x_wconf 91' lang='lat' dir='ltr'>qui</span> <span class='ocrx_word' id='word_1_75' title='bbox 265 975 370 1023; x_wconf 89' lang='lat' dir='ltr'>erat</span> <span class='ocrx_word' id='word_1_76' title='bbox 392 974 703 1038; x_wconf 72' lang='lat' dir='ltr'>phantasma,</span> <span class='ocrx_word' id='word_1_77' title='bbox 739 973 985 1034; x_wconf 78' lang='lat' dir='ltr'>discessit,</span> <span class='ocrx_word' id='word_1_78' title='bbox 1019 977 1068 1022; x_wconf 90' lang='lat' dir='ltr'>et</span> <span class='ocrx_word' id='word_1_79' title='bbox 1100 989 1344 1038; x_wconf 85' lang='lat' dir='ltr'>nusquam</span> <span class='ocrx_word' id='word_1_80' title='bbox 1374 975 1650 1037; x_wconf 78' lang='lat' dir='ltr'>comparuit</span> <span class='ocrx_word' id='word_1_81' title='bbox 1674 975 1969 1038; x_wconf 85' lang='lat' dir='ltr'>phantasma</span> 
     </span>
     <span class='ocr_line' id='line_1_13' title="bbox 157 1058 1966 1124; baseline 0.001 -16"><span class='ocrx_word' id='word_1_82' title='bbox 157 1074 268 1109; x_wconf 90' lang='lat' dir='ltr'>cum</span> <span class='ocrx_word' id='word_1_83' title='bbox 310 1058 501 1122; x_wconf 87' lang='lat' dir='ltr'>spiritu.</span> <span class='ocrx_word' id='word_1_84' title='bbox 540 1058 663 1107; x_wconf 91' lang='lat' dir='ltr'>nihil</span> <span class='ocrx_word' id='word_1_85' title='bbox 704 1073 818 1123; x_wconf 81' lang='lat' dir='ltr'>ergo</span> <span class='ocrx_word' id='word_1_86' title='bbox 852 1060 1092 1107; x_wconf 86' lang='lat' dir='ltr'>remansit</span> <span class='ocrx_word' id='word_1_87' title='bbox 1123 1058 1171 1108; x_wconf 92' lang='lat' dir='ltr'>in</span> <span class='ocrx_word' id='word_1_88' title='bbox 1203 1059 1355 1124; x_wconf 78' lang='lat' dir='ltr'>ligno,</span> <span class='ocrx_word' id='word_1_89' title='bbox 1396 1059 1520 1108; x_wconf 90' lang='lat' dir='ltr'>nihil</span> <span class='ocrx_word' id='word_1_90' title='bbox 1550 1059 1788 1123; x_wconf 87' lang='lat' dir='ltr'>pependit</span> <span class='ocrx_word' id='word_1_91' title='bbox 1819 1061 1966 1110; x_wconf 86' lang='lat' dir='ltr'>etiam</span> 
     </span>
     <span class='ocr_line' id='line_1_14' title="bbox 154 1143 1965 1209; baseline 0 -16"><span class='ocrx_word' id='word_1_92' title='bbox 154 1146 271 1208; x_wconf 88' lang='lat' dir='ltr'>post</span> <span class='ocrx_word' id='word_1_93' title='bbox 303 1144 673 1207; x_wconf 81' lang='lat' dir='ltr'>expirationem,</span> <span class='ocrx_word' id='word_1_94' title='bbox 707 1143 832 1192; x_wconf 88' lang='lat' dir='ltr'>nihil</span> <span class='ocrx_word' id='word_1_95' title='bbox 864 1143 923 1192; x_wconf 89' lang='lat' dir='ltr'>de</span> <span class='ocrx_word' id='word_1_96' title='bbox 955 1143 1117 1193; x_wconf 88' lang='lat' dir='ltr'>Pilato</span> <span class='ocrx_word' id='word_1_97' title='bbox 1146 1145 1476 1208; x_wconf 81' lang='lat' dir='ltr'>postulatum,</span> <span class='ocrx_word' id='word_1_98' title='bbox 1509 1144 1633 1193; x_wconf 86' lang='lat' dir='ltr'>nihil</span> <span class='ocrx_word' id='word_1_99' title='bbox 1658 1145 1715 1193; x_wconf 90' lang='lat' dir='ltr'>de</span> <span class='ocrx_word' id='word_1_100' title='bbox 1740 1145 1965 1209; x_wconf 81' lang='lat' dir='ltr'>patibulo</span> 
     </span>
     <span class='ocr_line' id='line_1_15' title="bbox 156 1226 1967 1292; baseline 0 -14"><span class='ocrx_word' id='word_1_101' title='bbox 156 1228 447 1290; x_wconf 87' lang='lat' dir='ltr'>detractum,</span> <span class='ocrx_word' id='word_1_102' title='bbox 492 1229 616 1277; x_wconf 88' lang='lat' dir='ltr'>nihil</span> <span class='ocrx_word' id='word_1_103' title='bbox 656 1228 862 1278; x_wconf 85' lang='lat' dir='ltr'>sindone</span> <span class='ocrx_word' id='word_1_104' title='bbox 901 1226 1204 1279; x_wconf 86' lang='lat' dir='ltr'>inuolutum.</span> <span class='ocrx_word' id='word_1_105' title='bbox 1253 1229 1375 1278; x_wconf 84' lang='lat' dir='ltr'>nihil</span> <span class='ocrx_word' id='word_1_106' title='bbox 1416 1229 1644 1292; x_wconf 86' lang='lat' dir='ltr'>sepulcro</span> <span class='ocrx_word' id='word_1_107' title='bbox 1685 1244 1814 1279; x_wconf 86' lang='lat' dir='ltr'>nouo</span> <span class='ocrx_word' id='word_1_108' title='bbox 1856 1245 1967 1278; x_wconf 82' lang='lat' dir='ltr'>con-</span> 
     </span>
     <span class='ocr_line' id='line_1_16' title="bbox 156 1313 1963 1379; baseline 0.001 -17"><span class='ocrx_word' id='word_1_109' title='bbox 156 1313 350 1364; x_wconf 78' lang='lat' dir='ltr'>ditum?</span> <span class='ocrx_word' id='word_1_110' title='bbox 397 1314 566 1377; x_wconf 82' lang='lat' dir='ltr'>atquin</span> <span class='ocrx_word' id='word_1_111' title='bbox 606 1329 700 1363; x_wconf 87' lang='lat' dir='ltr'>non</span> <span class='ocrx_word' id='word_1_112' title='bbox 740 1313 878 1363; x_wconf 85' lang='lat' dir='ltr'>nihil.</span> <span class='ocrx_word' id='word_1_113' title='bbox 929 1313 1048 1377; x_wconf 88' lang='lat' dir='ltr'>quid</span> <span class='ocrx_word' id='word_1_114' title='bbox 1088 1329 1201 1379; x_wconf 78' lang='lat' dir='ltr'>ergo</span> <span class='ocrx_word' id='word_1_115' title='bbox 1240 1314 1366 1363; x_wconf 90' lang='lat' dir='ltr'>illud</span> <span class='ocrx_word' id='word_1_116' title='bbox 1405 1315 1533 1363; x_wconf 77' lang='lat' dir='ltr'>fuit?</span> <span class='ocrx_word' id='word_1_117' title='bbox 1574 1315 1615 1363; x_wconf 93' lang='lat' dir='ltr'>si</span> <span class='ocrx_word' id='word_1_118' title='bbox 1654 1315 1963 1378; x_wconf 84' lang='lat' dir='ltr'>phantasma,</span> 
     </span>
     <span class='ocr_line' id='line_1_17' title="bbox 156 1398 1964 1466; baseline 0.002 -19"><span class='ocrx_word' id='word_1_119' title='bbox 156 1398 314 1448; x_wconf 86' lang='lat' dir='ltr'>adhuc</span> <span class='ocrx_word' id='word_1_120' title='bbox 370 1414 482 1464; x_wconf 83' lang='lat' dir='ltr'>ergo</span> <span class='ocrx_word' id='word_1_121' title='bbox 536 1399 694 1448; x_wconf 88' lang='lat' dir='ltr'>inerat</span> <span class='ocrx_word' id='word_1_122' title='bbox 747 1402 796 1447; x_wconf 84' lang='lat' dir='ltr'>et</span> <span class='ocrx_word' id='word_1_123' title='bbox 848 1399 1069 1463; x_wconf 71' lang='lat' dir='ltr'>spiritus</span> <span class='ocrx_word' id='word_1_124' title='bbox 1126 1400 1167 1448; x_wconf 89' lang='lat' dir='ltr'>si</span> <span class='ocrx_word' id='word_1_125' title='bbox 1222 1399 1519 1449; x_wconf 79' lang='lat' dir='ltr'>discesserat</span> <span class='ocrx_word' id='word_1_126' title='bbox 1572 1400 1794 1462; x_wconf 58' lang='lat' dir='ltr'>spii-itm,</span> <span class='ocrx_word' id='word_1_127' title='bbox 1850 1416 1964 1466; x_wconf 80' lang='lat' dir='ltr'>ergo</span> 
     </span>
     <span class='ocr_line' id='line_1_18' title="bbox 154 1484 1964 1549; baseline 0 -15"><span class='ocrx_word' id='word_1_128' title='bbox 154 1484 431 1534; x_wconf 84' lang='lat' dir='ltr'>abstulerat</span> <span class='ocrx_word' id='word_1_129' title='bbox 468 1484 777 1549; x_wconf 84' lang='lat' dir='ltr'>phantasma.</span> <span class='ocrx_word' id='word_1_130' title='bbox 834 1489 1061 1548; x_wconf 81' lang='lat' dir='ltr'>superest</span> <span class='ocrx_word' id='word_1_131' title='bbox 1099 1485 1437 1549; x_wconf 88' lang='lat' dir='ltr'>impudentiae</span> <span class='ocrx_word' id='word_1_132' title='bbox 1485 1485 1763 1535; x_wconf 82' lang='lat' dir='ltr'>haereticae</span> <span class='ocrx_word' id='word_1_133' title='bbox 1804 1484 1964 1534; x_wconf 76' lang='lat' dir='ltr'>dicere</span> 
     </span>
     <span class='ocr_line' id='line_1_19' title="bbox 153 1569 1963 1634; baseline 0 -16"><span class='ocrx_word' id='word_1_134' title='bbox 153 1569 448 1633; x_wconf 86' lang='lat' dir='ltr'>phantasma</span> <span class='ocrx_word' id='word_1_135' title='bbox 491 1569 596 1619; x_wconf 88' lang='lat' dir='ltr'>illic</span> <span class='ocrx_word' id='word_1_136' title='bbox 641 1570 1006 1633; x_wconf 84' lang='lat' dir='ltr'>phantasmatis</span> <span class='ocrx_word' id='word_1_137' title='bbox 1053 1569 1375 1627; x_wconf 75' lang='lat' dir='ltr'>remansisse:</span> <span class='ocrx_word' id='word_1_138' title='bbox 1419 1570 1503 1619; x_wconf 88' lang='lat' dir='ltr'>sed</span> <span class='ocrx_word' id='word_1_139' title='bbox 1550 1570 1745 1619; x_wconf 87' lang='lat' dir='ltr'>scilicet</span> <span class='ocrx_word' id='word_1_140' title='bbox 1782 1570 1963 1634; x_wconf 86' lang='lat' dir='ltr'>Ioseph</span> 
     </span>
     <span class='ocr_line' id='line_1_20' title="bbox 154 1654 1962 1719; baseline 0.002 -16"><span class='ocrx_word' id='word_1_141' title='bbox 154 1669 332 1719; x_wconf 90' lang='lat' dir='ltr'>corpus</span> <span class='ocrx_word' id='word_1_142' title='bbox 406 1654 563 1705; x_wconf 88' lang='lat' dir='ltr'>fuisse</span> <span class='ocrx_word' id='word_1_143' title='bbox 638 1657 844 1704; x_wconf 87' lang='lat' dir='ltr'>nouerat</span> <span class='ocrx_word' id='word_1_144' title='bbox 921 1654 1053 1719; x_wconf 86' lang='lat' dir='ltr'>quod</span> <span class='ocrx_word' id='word_1_145' title='bbox 1120 1657 1225 1704; x_wconf 86' lang='lat' dir='ltr'>tota</span> <span class='ocrx_word' id='word_1_146' title='bbox 1300 1655 1486 1718; x_wconf 87' lang='lat' dir='ltr'>pietate</span> <span class='ocrx_word' id='word_1_147' title='bbox 1560 1655 1810 1715; x_wconf 86' lang='lat' dir='ltr'>tractauit,</span> <span class='ocrx_word' id='word_1_148' title='bbox 1878 1655 1962 1706; x_wconf 86' lang='lat' dir='ltr'>ille</span> 
     </span>
     <span class='ocr_line' id='line_1_21' title="bbox 156 1739 1962 1803; baseline 0 -15"><span class='ocrx_word' id='word_1_149' title='bbox 156 1739 352 1803; x_wconf 88' lang='lat' dir='ltr'>Ioseph,</span> <span class='ocrx_word' id='word_1_150' title='bbox 392 1739 476 1803; x_wconf 87' lang='lat' dir='ltr'>qui</span> <span class='ocrx_word' id='word_1_151' title='bbox 513 1755 610 1790; x_wconf 91' lang='lat' dir='ltr'>non</span> <span class='ocrx_word' id='word_1_152' title='bbox 653 1743 967 1789; x_wconf 87' lang='lat' dir='ltr'>consenserat</span> <span class='ocrx_word' id='word_1_153' title='bbox 1011 1740 1059 1789; x_wconf 91' lang='lat' dir='ltr'>in</span> <span class='ocrx_word' id='word_1_154' title='bbox 1107 1740 1292 1789; x_wconf 87' lang='lat' dir='ltr'>scelere</span> <span class='ocrx_word' id='word_1_155' title='bbox 1340 1740 1554 1801; x_wconf 74' lang='lat' dir='ltr'>IudaeiS,</span> <span class='ocrx_word' id='word_1_156' title='bbox 1593 1741 1802 1789; x_wconf 80' lang='lat' dir='ltr'>beatus</span> <span class='ocrx_word' id='word_1_157' title='bbox 1856 1741 1962 1800; x_wconf 83' lang='lat' dir='ltr'>uir,</span> 
     </span>
     <span class='ocr_line' id='line_1_22' title="bbox 155 1824 1959 1890; baseline 0.001 -16"><span class='ocrx_word' id='word_1_158' title='bbox 155 1824 253 1887; x_wconf 81' lang='lat' dir='ltr'>qui</span> <span class='ocrx_word' id='word_1_159' title='bbox 292 1840 400 1874; x_wconf 91' lang='lat' dir='ltr'>non</span> <span class='ocrx_word' id='word_1_160' title='bbox 440 1825 592 1874; x_wconf 90' lang='lat' dir='ltr'>abiit</span> <span class='ocrx_word' id='word_1_161' title='bbox 628 1825 682 1874; x_wconf 91' lang='lat' dir='ltr'>in</span> <span class='ocrx_word' id='word_1_162' title='bbox 725 1825 977 1875; x_wconf 85' lang='lat' dir='ltr'>consilio</span> <span class='ocrx_word' id='word_1_163' title='bbox 1017 1826 1329 1890; x_wconf 87' lang='lat' dir='ltr'>impiorum</span> <span class='ocrx_word' id='word_1_164' title='bbox 1373 1826 1522 1874; x_wconf 88' lang='lat' dir='ltr'>etin</span> <span class='ocrx_word' id='word_1_165' title='bbox 1564 1826 1660 1875; x_wconf 86' lang='lat' dir='ltr'>uia</span> <span class='ocrx_word' id='word_1_166' title='bbox 1691 1830 1959 1889; x_wconf 85' lang='lat' dir='ltr'>peccat-o-</span> 
     </span>
     <span class='ocr_line' id='line_1_23' title="bbox 154 1910 1812 1974; baseline 0.002 -17"><span class='ocrx_word' id='word_1_167' title='bbox 154 1925 273 1959; x_wconf 86' lang='lat' dir='ltr'>rum</span> <span class='ocrx_word' id='word_1_168' title='bbox 313 1925 421 1959; x_wconf 90' lang='lat' dir='ltr'>non</span> <span class='ocrx_word' id='word_1_169' title='bbox 464 1910 640 1960; x_wconf 89' lang='lat' dir='ltr'>stetit</span> <span class='ocrx_word' id='word_1_170' title='bbox 681 1913 736 1959; x_wconf 92' lang='lat' dir='ltr'>et</span> <span class='ocrx_word' id='word_1_171' title='bbox 774 1911 828 1959; x_wconf 90' lang='lat' dir='ltr'>in</span> <span class='ocrx_word' id='word_1_172' title='bbox 870 1910 1150 1960; x_wconf 85' lang='lat' dir='ltr'>cathedra</span> <span class='ocrx_word' id='word_1_173' title='bbox 1188 1910 1452 1974; x_wconf 86' lang='lat' dir='ltr'>pestium</span> <span class='ocrx_word' id='word_1_174' title='bbox 1493 1926 1599 1959; x_wconf 89' lang='lat' dir='ltr'>non</span> <span class='ocrx_word' id='word_1_175' title='bbox 1641 1911 1812 1961; x_wconf 87' lang='lat' dir='ltr'>sedit.</span> 
     </span>
    </p>

    <p class='ocr_par' dir='ltr' id='par_1_6' title="bbox 150 1994 1960 2401">
     <span class='ocr_line' id='line_1_24' title="bbox 224 1994 1959 2061; baseline 0 -16"><span class='ocrx_word' id='word_1_176' title='bbox 224 1996 305 2045; x_wconf 84' lang='lat'>43.</span> <span class='ocrx_word' id='word_1_177' title='bbox 345 1994 645 2059; x_wconf 84' lang='lat' dir='ltr'>Oportuerat</span> <span class='ocrx_word' id='word_1_178' title='bbox 684 1995 832 2046; x_wconf 89' lang='lat' dir='ltr'>etiam</span> <span class='ocrx_word' id='word_1_179' title='bbox 874 1996 1179 2061; x_wconf 88' lang='lat' dir='ltr'>sepultorem</span> <span class='ocrx_word' id='word_1_180' title='bbox 1219 1995 1406 2044; x_wconf 88' lang='lat' dir='ltr'>domini</span> <span class='ocrx_word' id='word_1_181' title='bbox 1444 1996 1730 2060; x_wconf 88' lang='lat' dir='ltr'>prophetari</span> <span class='ocrx_word' id='word_1_182' title='bbox 1770 2011 1824 2045; x_wconf 87' lang='lat' dir='ltr'>ac</span> <span class='ocrx_word' id='word_1_183' title='bbox 1863 1997 1959 2045; x_wconf 83' lang='lat' dir='ltr'>iam</span> 
     </span>
     <span class='ocr_line' id='line_1_25' title="bbox 150 2080 1960 2144; baseline 0 -15"><span class='ocrx_word' id='word_1_184' title='bbox 150 2083 268 2130; x_wconf 90' lang='lat' dir='ltr'>tunc</span> <span class='ocrx_word' id='word_1_185' title='bbox 312 2081 488 2131; x_wconf 90' lang='lat' dir='ltr'>merito</span> <span class='ocrx_word' id='word_1_186' title='bbox 534 2080 774 2142; x_wconf 85' lang='lat' dir='ltr'>benedici,</span> <span class='ocrx_word' id='word_1_187' title='bbox 816 2081 857 2131; x_wconf 90' lang='lat' dir='ltr'>si</span> <span class='ocrx_word' id='word_1_188' title='bbox 895 2096 983 2130; x_wconf 90' lang='lat' dir='ltr'>nec</span> <span class='ocrx_word' id='word_1_189' title='bbox 1022 2081 1289 2130; x_wconf 79' lang='lat' dir='ltr'>mulierum</span> <span class='ocrx_word' id='word_1_190' title='bbox 1326 2080 1525 2130; x_wconf 86' lang='lat' dir='ltr'>illarum</span> <span class='ocrx_word' id='word_1_191' title='bbox 1566 2080 1785 2130; x_wconf 85' lang='lat' dir='ltr'>officium</span> <span class='ocrx_word' id='word_1_192' title='bbox 1823 2096 1960 2144; x_wconf 88' lang='lat' dir='ltr'>prae-</span> 
     </span>
     <span class='ocr_line' id='line_1_26' title="bbox 151 2165 1957 2232; baseline 0 -18"><span class='ocrx_word' id='word_1_193' title='bbox 151 2165 269 2215; x_wconf 87' lang='lat' dir='ltr'>terit</span> <span class='ocrx_word' id='word_1_194' title='bbox 290 2166 565 2232; x_wconf 79' lang='lat' dir='ltr'>prophetia,</span> <span class='ocrx_word' id='word_1_195' title='bbox 600 2181 725 2230; x_wconf 89' lang='lat' dir='ltr'>quae</span> <span class='ocrx_word' id='word_1_196' title='bbox 758 2167 869 2215; x_wconf 88' lang='lat' dir='ltr'>ante</span> <span class='ocrx_word' id='word_1_197' title='bbox 894 2166 1058 2215; x_wconf 90' lang='lat' dir='ltr'>lucem</span> <span class='ocrx_word' id='word_1_198' title='bbox 1085 2168 1423 2215; x_wconf 88' lang='lat' dir='ltr'>conuenerunt</span> <span class='ocrx_word' id='word_1_199' title='bbox 1446 2165 1506 2214; x_wconf 87' lang='lat' dir='ltr'>ad</span> <span class='ocrx_word' id='word_1_200' title='bbox 1533 2166 1817 2228; x_wconf 88' lang='lat' dir='ltr'>sepulcrum</span> <span class='ocrx_word' id='word_1_201' title='bbox 1845 2180 1957 2214; x_wconf 87' lang='lat' dir='ltr'>cum</span> 
     </span>
     <span class='ocr_line' id='line_1_27' title="bbox 152 2249 1957 2316; baseline 0 -17"><span class='ocrx_word' id='word_1_202' title='bbox 152 2250 356 2300; x_wconf 89' lang='lat' dir='ltr'>odorum</span> <span class='ocrx_word' id='word_1_203' title='bbox 387 2253 633 2316; x_wconf 88' lang='lat' dir='ltr'>paratura.</span> <span class='ocrx_word' id='word_1_204' title='bbox 668 2251 725 2300; x_wconf 91' lang='lat' dir='ltr'>de</span> <span class='ocrx_word' id='word_1_205' title='bbox 757 2251 849 2300; x_wconf 88' lang='lat' dir='ltr'>hoc</span> <span class='ocrx_word' id='word_1_206' title='bbox 883 2250 1012 2300; x_wconf 88' lang='lat' dir='ltr'>enim</span> <span class='ocrx_word' id='word_1_207' title='bbox 1043 2265 1131 2314; x_wconf 88' lang='lat' dir='ltr'>per</span> <span class='ocrx_word' id='word_1_208' title='bbox 1163 2249 1311 2300; x_wconf 89' lang='lat' dir='ltr'>Osee:</span> <span class='ocrx_word' id='word_1_209' title='bbox 1354 2253 1409 2299; x_wconf 91' lang='lat' dir='ltr'>et</span> <span class='ocrx_word' id='word_1_210' title='bbox 1448 2253 1747 2313; x_wconf 79' lang='lat' dir='ltr'>quaerent,</span> <span class='ocrx_word' id='word_1_211' title='bbox 1780 2250 1957 2314; x_wconf 81' lang='lat' dir='ltr'>inquit,</span> 
     </span>
     <span class='ocr_line' id='line_1_28' title="bbox 151 2335 1955 2401; baseline -0.002 -15"><span class='ocrx_word' id='word_1_212' title='bbox 151 2336 360 2386; x_wconf 87' lang='lat' dir='ltr'>faciem</span> <span class='ocrx_word' id='word_1_213' title='bbox 399 2351 604 2396; x_wconf 82' lang='lat' dir='ltr'>meam3</span> <span class='ocrx_word' id='word_1_214' title='bbox 645 2339 778 2385; x_wconf 88' lang='lat' dir='ltr'>ante</span> <span class='ocrx_word' id='word_1_215' title='bbox 817 2337 1009 2385; x_wconf 84' lang='lat' dir='ltr'>lucem</span> <span class='ocrx_word' id='word_1_216' title='bbox 1047 2336 1395 2401; x_wconf 84' lang='lat' dir='ltr'>uigilabunt</span> <span class='ocrx_word' id='word_1_217' title='bbox 1434 2336 1498 2383; x_wconf 89' lang='lat' dir='ltr'>ad</span> <span class='ocrx_word' id='word_1_218' title='bbox 1539 2340 1625 2385; x_wconf 82' lang='lat' dir='ltr'>me‘</span> <span class='ocrx_word' id='word_1_219' title='bbox 1663 2335 1955 2385; x_wconf 86' lang='lat' dir='ltr'>dicentes:</span> 
     </span>
    </p>
   </div>
   <div class='ocr_carea' id='block_1_6' title="bbox 103 2420 1958 2485">
    <p class='ocr_par' dir='ltr' id='par_1_7' title="bbox 103 2420 1958 2485">
     <span class='ocr_line' id='line_1_29' title="bbox 103 2420 1958 2485; baseline 0 -15"><span class='ocrx_word' id='word_1_220' title='bbox 103 2436 120 2465; x_wconf 79' lang='lat'>5</span> <span class='ocrx_word' id='word_1_221' title='bbox 152 2436 350 2471; x_wconf 87' lang='lat' dir='ltr'>eamus</span> <span class='ocrx_word' id='word_1_222' title='bbox 390 2422 446 2470; x_wconf 85' lang='lat' dir='ltr'>et</span> <span class='ocrx_word' id='word_1_223' title='bbox 485 2424 902 2471; x_wconf 86' lang='lat' dir='ltr'>conuertamur</span> <span class='ocrx_word' id='word_1_224' title='bbox 939 2420 1008 2469; x_wconf 87' lang='lat' dir='ltr'>ad</span> <span class='ocrx_word' id='word_1_225' title='bbox 1041 2420 1351 2481; x_wconf 88' lang='lat' dir='ltr'>dominum,</span> <span class='ocrx_word' id='word_1_226' title='bbox 1393 2420 1528 2483; x_wconf 89' lang='lat' dir='ltr'>quia</span> <span class='ocrx_word' id='word_1_227' title='bbox 1566 2421 1694 2485; x_wconf 89' lang='lat' dir='ltr'>ipse</span> <span class='ocrx_word' id='word_1_228' title='bbox 1734 2421 1958 2485; x_wconf 85' lang='lat' dir='ltr'>eripuit</span> 
     </span>
    </p>
   </div>
   <div class='ocr_carea' id='block_1_7' title="bbox 151 2504 1955 2575">
    <p class='ocr_par' dir='ltr' id='par_1_8' title="bbox 151 2504 1955 2575">
     <span class='ocr_line' id='line_1_30' title="bbox 151 2504 1955 2575; baseline 0 -20"><span class='ocrx_word' id='word_1_229' title='bbox 151 2504 307 2575; x_wconf 75' lang='lat' dir='ltr'>[dixit]</span> <span class='ocrx_word' id='word_1_230' title='bbox 350 2509 406 2557; x_wconf 89' lang='lat' dir='ltr'>et</span> <span class='ocrx_word' id='word_1_231' title='bbox 444 2507 679 2557; x_wconf 87' lang='lat' dir='ltr'>curabit</span> <span class='ocrx_word' id='word_1_232' title='bbox 715 2522 835 2567; x_wconf 79' lang='lat' dir='ltr'>nOS,</span> <span class='ocrx_word' id='word_1_233' title='bbox 876 2506 1183 2571; x_wconf 89' lang='lat' dir='ltr'>percussit</span> <span class='ocrx_word' id='word_1_234' title='bbox 1222 2510 1278 2556; x_wconf 91' lang='lat' dir='ltr'>et</span> <span class='ocrx_word' id='word_1_235' title='bbox 1316 2506 1704 2556; x_wconf 88' lang='lat' dir='ltr'>miserebitur</span> <span class='ocrx_word' id='word_1_236' title='bbox 1750 2507 1955 2567; x_wconf 84' lang='lat' dir='ltr'>nostri,</span> 
     </span>
    </p>
   </div>
   <div class='ocr_carea' id='block_1_8' title="bbox 147 2657 1955 2785">
    <p class='ocr_par' dir='ltr' id='par_1_9' title="bbox 147 2657 1955 2785">
     <span class='ocr_line' id='line_1_31' title="bbox 291 2657 1955 2713; baseline 0 -13"><span class='ocrx_word' id='word_1_237' title='bbox 291 2659 357 2713; x_wconf 92' lang='grc'>10]</span> <span class='ocrx_word' id='word_1_238' title='bbox 392 2659 441 2701; x_wconf 84' lang='lat' dir='ltr'>cf.</span> <span class='ocrx_word' id='word_1_239' title='bbox 474 2660 574 2700; x_wconf 89' lang='lat' dir='ltr'>Luc.</span> <span class='ocrx_word' id='word_1_240' title='bbox 607 2660 673 2711; x_wconf 79' lang='lat'>23,</span> <span class='ocrx_word' id='word_1_241' title='bbox 705 2660 884 2702; x_wconf 76' lang='lat'>52-53.</span> <span class='ocrx_word' id='word_1_242' title='bbox 976 2660 1041 2713; x_wconf 83' lang='grc'>15]</span> <span class='ocrx_word' id='word_1_243' title='bbox 1077 2658 1128 2700; x_wconf 89' lang='lat' dir='ltr'>cf.</span> <span class='ocrx_word' id='word_1_244' title='bbox 1162 2659 1261 2700; x_wconf 89' lang='lat' dir='ltr'>Luc.</span> <span class='ocrx_word' id='word_1_245' title='bbox 1296 2659 1362 2707; x_wconf 78' lang='lat'>23,</span> <span class='ocrx_word' id='word_1_246' title='bbox 1388 2658 1567 2700; x_wconf 77' lang='lat'>50—54.</span> <span class='ocrx_word' id='word_1_247' title='bbox 1660 2659 1726 2713; x_wconf 83' lang='lat'>17]</span> <span class='ocrx_word' id='word_1_248' title='bbox 1760 2658 1827 2699; x_wconf 90' lang='lat' dir='ltr'>Ps.</span> <span class='ocrx_word' id='word_1_249' title='bbox 1857 2659 1892 2711; x_wconf 89' lang='lat'>1,</span> <span class='ocrx_word' id='word_1_250' title='bbox 1921 2657 1955 2700; x_wconf 89' lang='grc'>1.</span> 
     </span>
     <span class='ocr_line' id='line_1_32' title="bbox 147 2730 1492 2785; baseline 0.001 -15"><span class='ocrx_word' id='word_1_251' title='bbox 147 2730 218 2784; x_wconf 86' lang='grc'>21]</span> <span class='ocrx_word' id='word_1_252' title='bbox 253 2731 304 2771; x_wconf 88' lang='lat' dir='ltr'>cf.</span> <span class='ocrx_word' id='word_1_253' title='bbox 336 2730 434 2772; x_wconf 86' lang='lat' dir='ltr'>Luc.</span> <span class='ocrx_word' id='word_1_254' title='bbox 466 2732 533 2780; x_wconf 81' lang='lat'>23,</span> <span class='ocrx_word' id='word_1_255' title='bbox 565 2732 746 2783; x_wconf 79' lang='lat'>55—24,</span> <span class='ocrx_word' id='word_1_256' title='bbox 781 2733 815 2773; x_wconf 89' lang='lat'>1.</span> <span class='ocrx_word' id='word_1_257' title='bbox 906 2731 976 2785; x_wconf 70' lang='lat'>23]</span> <span class='ocrx_word' id='word_1_258' title='bbox 1009 2731 1061 2772; x_wconf 81' lang='lat' dir='ltr'>cf.</span> <span class='ocrx_word' id='word_1_259' title='bbox 1095 2730 1165 2772; x_wconf 90' lang='lat' dir='ltr'>Os.</span> <span class='ocrx_word' id='word_1_260' title='bbox 1201 2732 1237 2783; x_wconf 79' lang='grc' dir='ltr'>ἶ),</span> <span class='ocrx_word' id='word_1_261' title='bbox 1274 2731 1423 2782; x_wconf 80' lang='grc'>15-6,</span> <span class='ocrx_word' id='word_1_262' title='bbox 1454 2731 1492 2772; x_wconf 76' lang='grc'>2.</span> 
     </span>
    </p>
   </div>
   <div class='ocr_carea' id='block_1_9' title="bbox 142 2829 1955 3381">
    <p class='ocr_par' dir='ltr' id='par_1_10' title="bbox 142 2829 1955 3381">
     <span class='ocr_line' id='line_1_33' title="bbox 202 2829 1955 2884; baseline -0.001 -13"><span class='ocrx_word' id='word_1_263' title='bbox 202 2830 228 2870; x_wconf 90' lang='grc'>4</span> <span class='ocrx_word' id='word_1_264' title='bbox 260 2833 303 2871; x_wconf 86' lang='lat' dir='ltr'>et</span> <span class='ocrx_word' id='word_1_265' title='bbox 333 2830 467 2884; x_wconf 85' lang='lat' dir='ltr'>spirat</span> <span class='ocrx_word' id='word_1_266' title='bbox 496 2830 673 2878; x_wconf 77' lang='lat' dir='ltr'><strong><em>MR³G‚</em></strong></span> <span class='ocrx_word' id='word_1_267' title='bbox 706 2831 869 2883; x_wconf 85' lang='lat' dir='ltr'>expirat</span> <span class='ocrx_word' id='word_1_268' title='bbox 899 2829 961 2872; x_wconf 83' lang='lat' dir='ltr'>R1</span> <span class='ocrx_word' id='word_1_269' title='bbox 1020 2833 1044 2873; x_wconf 83' lang='lat'>5</span> <span class='ocrx_word' id='word_1_270' title='bbox 1076 2830 1172 2879; x_wconf 87' lang='lat' dir='ltr'>fuit,</span> <span class='ocrx_word' id='word_1_271' title='bbox 1204 2829 1279 2871; x_wconf 87' lang='lat' dir='ltr'>sed</span> <span class='ocrx_word' id='word_1_272' title='bbox 1317 2829 1420 2871; x_wconf 72' lang='lat' dir='ltr'>Urs:</span> <span class='ocrx_word' id='word_1_273' title='bbox 1451 2829 1604 2870; x_wconf 82' lang='lat' dir='ltr'>fuisset</span> <span class='ocrx_word' id='word_1_274' title='bbox 1628 2829 1724 2871; x_wconf 81' lang='lat' dir='ltr'>MR</span> <span class='ocrx_word' id='word_1_275' title='bbox 1786 2830 1831 2871; x_wconf 88' lang='lat'>11</span> <span class='ocrx_word' id='word_1_276' title='bbox 1869 2830 1955 2870; x_wconf 89' lang='lat' dir='ltr'>sin-</span> 
     </span>
     <span class='ocr_line' id='line_1_34' title="bbox 146 2899 1952 2954; baseline -0.001 -13"><span class='ocrx_word' id='word_1_277' title='bbox 146 2899 254 2941; x_wconf 84' lang='lat' dir='ltr'>done</span> <span class='ocrx_word' id='word_1_278' title='bbox 276 2900 405 2950; x_wconf 82' lang='lat' dir='ltr'><strong>MR³‚</strong></span> <span class='ocrx_word' id='word_1_279' title='bbox 436 2903 479 2942; x_wconf 92' lang='lat' dir='ltr'>in</span> <span class='ocrx_word' id='word_1_280' title='bbox 510 2901 691 2943; x_wconf 85' lang='lat' dir='ltr'>sindone</span> <span class='ocrx_word' id='word_1_281' title='bbox 714 2900 777 2943; x_wconf 81' lang='lat' dir='ltr'>R1</span> <span class='ocrx_word' id='word_1_282' title='bbox 837 2903 887 2942; x_wconf 79' lang='lat'>12</span> <span class='ocrx_word' id='word_1_283' title='bbox 920 2901 1150 2943; x_wconf 88' lang='lat' dir='ltr'>conditum.</span> <span class='ocrx_word' id='word_1_284' title='bbox 1184 2901 1334 2954; x_wconf 89' lang='lat' dir='ltr'>atquin</span> <span class='ocrx_word' id='word_1_285' title='bbox 1364 2901 1497 2953; x_wconf 70' lang='lat' dir='ltr'><em>uulyo</em></span> <span class='ocrx_word' id='word_1_286' title='bbox 1587 2900 1689 2953; x_wconf 87' lang='lat' dir='ltr'>quid</span> <span class='ocrx_word' id='word_1_287' title='bbox 1722 2913 1820 2953; x_wconf 84' lang='lat' dir='ltr'>ergo</span> <span class='ocrx_word' id='word_1_288' title='bbox 1846 2901 1952 2948; x_wconf 82' lang='lat' dir='ltr'>MF,</span> 
     </span>
     <span class='ocr_line' id='line_1_35' title="bbox 147 2969 1952 3026; baseline -0.001 -12"><span class='ocrx_word' id='word_1_289' title='bbox 147 2972 249 3026; x_wconf 89' lang='lat' dir='ltr'>quid</span> <span class='ocrx_word' id='word_1_290' title='bbox 271 2972 404 3026; x_wconf 86' lang='lat' dir='ltr'>igitur</span> <span class='ocrx_word' id='word_1_291' title='bbox 423 2972 466 3015; x_wconf 86' lang='lat' dir='ltr'><em>R</em></span> <span class='ocrx_word' id='word_1_292' title='bbox 482 2973 613 3026; x_wconf 71' lang='lat' dir='ltr'>uulyo</span> <span class='ocrx_word' id='word_1_293' title='bbox 703 2973 753 3014; x_wconf 87' lang='lat'>13</span> <span class='ocrx_word' id='word_1_294' title='bbox 785 2972 975 3026; x_wconf 87' lang='lat' dir='ltr'>spiritus.</span> <span class='ocrx_word' id='word_1_295' title='bbox 999 2973 1034 3013; x_wconf 90' lang='lat' dir='ltr'>si</span> <span class='ocrx_word' id='word_1_296' title='bbox 1060 2971 1314 3013; x_wconf 85' lang='lat' dir='ltr'>discesserat</span> <span class='ocrx_word' id='word_1_297' title='bbox 1345 2972 1519 3024; x_wconf 86' lang='lat' dir='ltr'>spiritus</span> <span class='ocrx_word' id='word_1_298' title='bbox 1543 2971 1718 3024; x_wconf 74' lang='lat' dir='ltr'>scripsi:</span> <span class='ocrx_word' id='word_1_299' title='bbox 1747 2969 1952 3012; x_wconf 87' lang='lat' dir='ltr'>Christus.</span> 
     </span>
     <span class='ocr_line' id='line_1_36' title="bbox 145 3041 1953 3095; baseline -0.001 -11"><span class='ocrx_word' id='word_1_300' title='bbox 145 3044 182 3084; x_wconf 86' lang='lat' dir='ltr'>si</span> <span class='ocrx_word' id='word_1_301' title='bbox 206 3041 460 3085; x_wconf 82' lang='lat' dir='ltr'>discesserat</span> <span class='ocrx_word' id='word_1_302' title='bbox 483 3042 678 3085; x_wconf 86' lang='lat' dir='ltr'>Christus</span> <span class='ocrx_word' id='word_1_303' title='bbox 709 3043 806 3085; x_wconf 83' lang='lat' dir='ltr'>MR</span> <span class='ocrx_word' id='word_1_304' title='bbox 837 3045 953 3093; x_wconf 80' lang='lat' dir='ltr'>(orta</span> <span class='ocrx_word' id='word_1_305' title='bbox 984 3048 1045 3085; x_wconf 79' lang='lat' dir='ltr'>est</span> <span class='ocrx_word' id='word_1_306' title='bbox 1076 3042 1324 3095; x_wconf 72' lang='lat' dir='ltr'>corruptela</span> <span class='ocrx_word' id='word_1_307' title='bbox 1355 3055 1405 3083; x_wconf 66' lang='grc' dir='ltr'>επ</span> <span class='ocrx_word' id='word_1_308' title='bbox 1434 3041 1721 3083; x_wconf 73' lang='lat' dir='ltr'>similitudine</span> <span class='ocrx_word' id='word_1_309' title='bbox 1749 3042 1953 3095; x_wconf 74' lang='lat' dir='ltr'>siylorum</span> 
     </span>
     <span class='ocr_line' id='line_1_37' title="bbox 146 3112 1950 3169; baseline -0.001 -13"><span class='ocrx_word' id='word_1_310' title='bbox 146 3119 217 3169; x_wconf 71' lang='lat' dir='ltr'>sps</span> <span class='ocrx_word' id='word_1_311' title='bbox 249 3118 287 3156; x_wconf 78' lang='lat' dir='ltr'>et</span> <span class='ocrx_word' id='word_1_312' title='bbox 315 3116 407 3168; x_wconf 72' lang='lat' dir='ltr'>xps)</span> <span class='ocrx_word' id='word_1_313' title='bbox 468 3115 518 3156; x_wconf 87' lang='lat'>15</span> <span class='ocrx_word' id='word_1_314' title='bbox 550 3115 715 3156; x_wconf 86' lang='lat' dir='ltr'>scilicet</span> <span class='ocrx_word' id='word_1_315' title='bbox 744 3114 868 3168; x_wconf 72' lang='lat' dir='ltr'><em>Eny:</em></span> <span class='ocrx_word' id='word_1_316' title='bbox 899 3114 934 3155; x_wconf 89' lang='lat' dir='ltr'>si</span> <span class='ocrx_word' id='word_1_317' title='bbox 967 3118 1010 3156; x_wconf 89' lang='lat' dir='ltr'>et</span> <span class='ocrx_word' id='word_1_318' title='bbox 1033 3114 1087 3155; x_wconf 82' lang='lat' dir='ltr'><em>M</em></span> <span class='ocrx_word' id='word_1_319' title='bbox 1116 3116 1176 3165; x_wconf 89' lang='lat' dir='ltr'>(et</span> <span class='ocrx_word' id='word_1_320' title='bbox 1205 3127 1238 3155; x_wconf 82' lang='lat' dir='ltr'>s.</span> <span class='ocrx_word' id='word_1_321' title='bbox 1268 3127 1311 3154; x_wconf 75' lang='lat' dir='ltr'>u,</span> <span class='ocrx_word' id='word_1_322' title='bbox 1346 3127 1373 3153; x_wconf 90' lang='lat' dir='ltr'>a</span> <span class='ocrx_word' id='word_1_323' title='bbox 1403 3127 1455 3154; x_wconf 82' lang='lat' dir='ltr'>m.</span> <span class='ocrx_word' id='word_1_324' title='bbox 1481 3114 1520 3166; x_wconf 84' lang='lat'>1)</span> <span class='ocrx_word' id='word_1_325' title='bbox 1543 3112 1586 3154; x_wconf 81' lang='lat' dir='ltr'><strong><em>R</em></strong></span> <span class='ocrx_word' id='word_1_326' title='bbox 1647 3112 1698 3153; x_wconf 89' lang='lat'>16</span> <span class='ocrx_word' id='word_1_327' title='bbox 1719 3113 1950 3154; x_wconf 80' lang='lat' dir='ltr'>tractauit?</span> 
     </span>
     <span class='ocr_line' id='line_1_38' title="bbox 143 3183 1954 3239; baseline -0.002 -12"><span class='ocrx_word' id='word_1_328' title='bbox 143 3186 218 3227; x_wconf 90' lang='lat' dir='ltr'>ille</span> <span class='ocrx_word' id='word_1_329' title='bbox 246 3185 378 3239; x_wconf 73' lang='lat' dir='ltr'>uulyo</span> <span class='ocrx_word' id='word_1_330' title='bbox 467 3186 517 3227; x_wconf 85' lang='lat'>17</span> <span class='ocrx_word' id='word_1_331' title='bbox 555 3184 756 3227; x_wconf 80' lang='lat' dir='ltr'>Iudaeis?</span> <span class='ocrx_word' id='word_1_332' title='bbox 795 3185 947 3227; x_wconf 86' lang='lat' dir='ltr'>beatus</span> <span class='ocrx_word' id='word_1_333' title='bbox 977 3185 1110 3239; x_wconf 72' lang='lat' dir='ltr'>uulyo</span> <span class='ocrx_word' id='word_1_334' title='bbox 1229 3186 1278 3226; x_wconf 87' lang='lat'>19</span> <span class='ocrx_word' id='word_1_335' title='bbox 1317 3185 1498 3238; x_wconf 89' lang='lat' dir='ltr'>pestium</span> <span class='ocrx_word' id='word_1_336' title='bbox 1532 3183 1640 3236; x_wconf 81' lang='lat' dir='ltr'>MR,</span> <span class='ocrx_word' id='word_1_337' title='bbox 1679 3183 1954 3237; x_wconf 84' lang='lat' dir='ltr'>pestilentiae</span> 
     </span>
     <span class='ocr_line' id='line_1_39' title="bbox 149 3253 1953 3310; baseline -0.002 -12"><span class='ocrx_word' id='word_1_338' title='bbox 149 3255 352 3299; x_wconf 77' lang='lat' dir='ltr'>Oehlerus</span> <span class='ocrx_word' id='word_1_339' title='bbox 381 3269 432 3298; x_wconf 72' lang='lat' dir='ltr'>ea:</span> <span class='ocrx_word' id='word_1_340' title='bbox 462 3256 678 3310; x_wconf 79' lang='lat' dir='ltr'>Leydensi</span> <span class='ocrx_word' id='word_1_341' title='bbox 735 3256 787 3297; x_wconf 82' lang='lat'>23</span> <span class='ocrx_word' id='word_1_342' title='bbox 821 3258 864 3297; x_wconf 87' lang='lat' dir='ltr'>et</span> <span class='ocrx_word' id='word_1_343' title='bbox 893 3256 1015 3309; x_wconf 70' lang='lat' dir='ltr'>Enq:</span> <span class='ocrx_word' id='word_1_344' title='bbox 1045 3260 1093 3296; x_wconf 87' lang='lat' dir='ltr'>ut</span> <span class='ocrx_word' id='word_1_345' title='bbox 1122 3255 1218 3297; x_wconf 82' lang='lat' dir='ltr'>MR</span> <span class='ocrx_word' id='word_1_346' title='bbox 1306 3257 1512 3308; x_wconf 86' lang='lat' dir='ltr'>quaerent</span> <span class='ocrx_word' id='word_1_347' title='bbox 1541 3253 1649 3306; x_wconf 85' lang='lat' dir='ltr'>MF,</span> <span class='ocrx_word' id='word_1_348' title='bbox 1682 3257 1888 3307; x_wconf 89' lang='lat' dir='ltr'>quaerant</span> <span class='ocrx_word' id='word_1_349' title='bbox 1911 3253 1953 3295; x_wconf 84' lang='lat' dir='ltr'><em>R</em></span> 
     </span>
     <span class='ocr_line' id='line_1_40' title="bbox 142 3325 750 3381; baseline 0 -13"><span class='ocrx_word' id='word_1_350' title='bbox 142 3327 275 3381; x_wconf 62' lang='lat' dir='ltr'>uulgo</span> <span class='ocrx_word' id='word_1_351' title='bbox 361 3327 414 3369; x_wconf 82' lang='lat'>26</span> <span class='ocrx_word' id='word_1_352' title='bbox 446 3325 552 3368; x_wconf 84' lang='lat' dir='ltr'>dixit</span> <span class='ocrx_word' id='word_1_353' title='bbox 579 3326 676 3368; x_wconf 81' lang='lat' dir='ltr'>secl.</span> <span class='ocrx_word' id='word_1_354' title='bbox 708 3325 750 3368; x_wconf 87' lang='lat' dir='ltr'><strong><em>R</em></strong></span> 
     </span>
    </p>
   </div>
  </div>
 </body>
</html>
