2248 3646
589 218 645 259 11.
677 219 746 259 De
779 217 960 260 Carnis
992 215 1395 257 Resurrectione
1427 214 1605 255 21—22.
1934 218 1998 265 55

197 391 333 424 mum
395 378 444 424 et
497 373 750 424 occultum
803 387 892 422 nec
944 368 1035 421 ulli
1087 374 1280 435 praeter
1322 370 1452 433 patri
1496 372 1686 430 notum,
1740 373 1788 419 et
1832 373 1995 419 tamen

196 459 350 524 signis
384 462 530 523 atque
555 457 796 522 portentis
824 459 873 505 et
905 455 1318 505 concussionibus
1346 455 1705 504 elementorum
1731 453 1782 504 et
1803 455 1998 505 conflic-

192 543 465 592 tationibus
518 543 772 592 nationum
834 542 1197 604 praenotatum.
1255 540 1537 588 euoluerem
1590 539 1892 603 prophetias
1955 541 1997 589 si

192 628 422 677 dominus
460 628 566 691 ipse
607 626 848 676 tacuisset
885 655 951 659 —
992 624 1087 673 nisi
1127 623 1258 687 quod
1299 626 1347 673 et
1384 624 1673 687 prophetiae
1719 639 1814 674 uox
1860 627 1997 674 erant

144 734 162 762 5
191 712 377 763 domini
423 742 488 747 -
538 712 625 762 sed
662 713 775 775 plus
816 712 906 770 est,
955 709 1086 773 quod
1124 709 1236 758 illas
1277 724 1366 759 suo
1408 724 1488 758 ore
1535 708 1807 774 consignat.
1846 709 1994 759 inter—

188 801 391 863 rogatus
445 813 473 847 a
525 797 802 861 discipulis,
859 795 1052 859 quando
1108 797 1346 844 euentura
1399 796 1567 846 essent
1619 808 1743 857 quae
1794 794 1993 844 interim

189 883 246 932 de
297 882 474 946 templi
527 882 658 931 exitu
714 883 955 944 eruperat,
1011 879 1229 929 ordinem
1285 881 1566 943 temporum
1618 878 1776 943 primo
1829 879 1993 928 Iudai-

187 982 357 1017 corum
409 982 567 1031 usque
620 967 680 1015 ad
732 966 976 1015 excidium
1029 964 1363 1024 Hierusalem,
1425 963 1601 1012 dehinc
1653 964 1991 1013 communium

186 1067 343 1115 usque
369 1052 428 1101 ad
461 1052 829 1102 conclusionem
864 1050 1050 1100 saeculi
1082 1049 1277 1114 digerit.
1310 1064 1424 1098 nam
1455 1051 1783 1112 posteaquam
1816 1049 1990 1098 edixit:

118 1160 156 1189 ιο
187 1141 246 1188 et
290 1140 440 1187 tunc
494 1137 618 1186 erit
668 1135 1075 1185 Hierusalem
1129 1133 1544 1183 conculcatui
1596 1133 1987 1195 nationibUS‚

186 1224 379 1273 donec
453 1222 929 1285 adimpleantur
996 1224 1282 1282 tempora
1354 1218 1698 1277 nationum,
1762 1219 1988 1285 adlegen-

184 1309 354 1357 darum
387 1307 578 1356 scilieet
609 1323 635 1355 a
667 1306 756 1356 deo
789 1308 838 1355 et
870 1305 1320 1371 congregandarum
1348 1319 1460 1354 cum
1485 1304 1711 1367 reliquiis
1736 1305 1988 1364 IsraheliS,

178 1393 291 1442 inde
322 1393 419 1441 iam
451 1392 501 1440 in
535 1392 702 1441 orbem
728 1392 777 1440 et
806 1391 854 1440 in
887 1392 1143 1440 saeculum
1175 1389 1428 1453 praedicat
1460 1389 1734 1438 secundum
1766 1389 1986 1439 Iohelem

182 1481 230 1527 et
254 1476 545 1526 Danihelem
572 1479 621 1525 et
645 1476 935 1525 uniuersum
958 1474 1224 1525 concilium
1249 1475 1603 1538 prophetarum
1629 1474 1796 1524 futura
1821 1476 1988 1541 signa

132 1582 150 1610 5
179 1562 234 1611 in
275 1562 397 1612 sole
438 1564 494 1611 et
530 1562 669 1611 luna
708 1564 764 1609 et
801 1560 856 1609 in
897 1560 1118 1620 stellis,
1167 1559 1615 1610 conclusionem
1661 1560 1984 1622 nationum,

178 1663 303 1697 cum
344 1650 587 1711 stupore
627 1646 863 1696 sonitus
902 1646 1078 1695 maris
1119 1647 1174 1694 et
1213 1647 1407 1694 motus
1454 1645 1982 1711 refrigescentium

177 1733 472 1782 hominum
520 1747 655 1795 prae
694 1734 850 1780 metu
899 1733 955 1780 et
994 1730 1407 1794 expectatione
1447 1746 1663 1791 eorum,
1704 1746 1849 1795 quae
1888 1731 1982 1779 im-

175 1818 435 1867 mineant
488 1816 614 1866 orbi
665 1819 871 1865 terrae.
926 1817 1188 1865 uirtutes
1237 1816 1402 1875 enim,
1449 1816 1627 1880 inquit,
1683 1817 1980 1866 caelorum

176 1901 720 1962 commonebuntur,
748 1905 803 1951 et
826 1905 966 1951 tunc
998 1901 1287 1951 uidebunt
1317 1901 1516 1951 filium
1541 1901 1797 1951 hominis
1823 1903 1980 1953 ueni-

101 2008 143 2039 20
175 1990 363 2036 entem
389 1987 443 2036 in
469 1987 724 2037 nubibus
751 2002 878 2037 cum
910 1987 1171 2052 plurimo
1204 1989 1518 2051 potentatu
1552 1990 1607 2037 et
1637 1988 1844 2052 gloria.
1878 1988 1980 2037 ubi

173 2075 380 2121 autem
414 2073 747 2137 coeperint
783 2073 912 2122 ista
942 2072 1107 2133 fieri,
1144 2072 1488 2137 emergetis
1522 2074 1582 2121 et
1620 2073 1977 2124 eleuabitis

173 2158 388 2222 capita
418 2161 649 2219 uestra,
675 2157 838 2221 quod
869 2157 1225 2222 redemptio
1259 2160 1480 2207 uestra
1511 2157 1978 2223 adpropinqua—

169 2243 348 2292 uerit.
403 2250 452 2292 et
504 2245 669 2291 tamen
717 2242 1109 2307 adpropinquare
1159 2258 1266 2292 eam
1317 2243 1453 2303 dixit,
1501 2258 1595 2293 non
1641 2242 1815 2292 adesse
1860 2244 1974 2306 iam,

169 2328 218 2375 et
277 2341 389 2375 cum
451 2327 701 2390 coeperint
758 2326 856 2375 ista
914 2326 1033 2387 fieri,
1095 2342 1190 2376 non
1246 2343 1359 2377 cum
1411 2327 1542 2377 sacta
1600 2327 1799 2389 fuerint,
1861 2330 1977 2393 quia

95 2436 134 2466 25
167 2428 280 2462 cum
339 2413 470 2462 facta
519 2413 718 2472 fuerint,
778 2416 896 2462 tunc
949 2412 1107 2462 aderit
1165 2413 1440 2477 redemptio
1493 2417 1680 2475 nostra,
1732 2429 1857 2478 quae
1918 2432 1973 2466 eo

164 2513 322 2561 usque
347 2497 737 2562 adpropinquare
771 2498 967 2557 dicitur,
1002 2498 1194 2563 erigens
1226 2498 1422 2547 interim
1459 2500 1508 2547 et
1531 2499 1748 2549 excitans
1782 2500 1972 2551 animos

165 2583 225 2632 ad
261 2582 539 2646 proximum
576 2583 676 2632 iam
722 2583 827 2646 spei
872 2583 1108 2643 fructum,
1149 2583 1291 2632 cuius
1332 2584 1482 2633 etiam
1528 2585 1762 2648 parabola
1807 2587 1973 2637 subte-

160 2669 292 2718 xitur
320 2668 737 2718 tenerescentium
769 2668 998 2717 arborum
1030 2669 1078 2717 in
1111 2669 1320 2729 caulem,
1354 2669 1487 2718 floris
1521 2672 1571 2719 et
1602 2669 1779 2720 dehinc
1810 2671 1969 2737 frugis

303 2821 341 2874 1]
368 2820 418 2864 cf.
443 2821 537 2862 Act.
565 2821 600 2873 1,
626 2823 663 2862 7.
752 2822 794 2875 5]
821 2821 872 2862 cf.
898 2822 996 2864 Luc.
1022 2822 1088 2871 21,
1113 2823 1151 2865 7.
1241 2823 1282 2876 7]
1308 2822 1358 2865 cf.
1385 2823 1484 2864 Luc.
1508 2823 1578 2876 21,
1604 2824 1754 2865 9-24.
1845 2825 1887 2878 8]
1916 2825 1966 2866 cf.

159 2891 259 2933 Luc.
289 2893 356 2942 21,
392 2891 571 2932 25—28.
662 2893 730 2946 10]
768 2892 867 2933 Luc.
899 2893 966 2942 21,
1005 2893 1071 2934 24.
1163 2893 1231 2947 14]
1265 2894 1363 2935 Luc.
1396 2894 1462 2943 21,
1495 2895 1675 2936 25-26,
1767 2895 1832 2950 18]
1866 2895 1965 2939 Luc.

159 2963 227 3013 21,
257 2963 436 3004 26-28.
523 2962 593 3016 27]
628 2961 678 3004 cf.
708 2962 810 3004 Luc.
841 2963 907 3011 21,
940 2964 1118 3006 29-31.

218 3049 235 3089 1
270 3050 438 3101 praeter
467 3048 616 3100 PMF,
649 3050 942 3102 praeterquam
975 3050 1017 3091 R
1047 3050 1178 3104 uulyo
1267 3052 1290 3091 5
1323 3054 1389 3092 est
1418 3064 1486 3093 om
1522 3051 1625 3094 ΡΒ1
1713 3052 1734 3092 7
1769 3058 1966 3107 eruperat

157 3118 305 3166 PMF,
338 3121 566 3173 eruperant
599 3118 679 3160 Gel
764 3120 789 3160 9
822 3119 979 3173 digerit
1013 3120 1115 3161 Gal.-
1145 3121 1295 3175 dirigit
1324 3121 1467 3163 PMF
1550 3122 1598 3163 11
1633 3122 1961 3176 adlegendarum

156 3189 305 3238 PMF,
339 3189 670 3244 adlegandamm
704 3190 784 3232 Gez
873 3192 924 3232 12
946 3192 1111 3245 reliquo
1141 3192 1221 3234 Gez
1311 3193 1361 3234 15
1389 3193 1496 3246 <in>
1522 3193 1624 3234 luna
1643 3194 1754 3235 Pam
1865 3209 1960 3237 con-

157 3261 386 3306 elusionem
409 3261 551 3302 PMF
575 3263 759 3315 (yraecffl
784 3260 971 3317 συνοχὴ),
996 3264 1274 3305 conlisionem
1297 3264 1410 3305 Pam
1496 3264 1550 3306 28
1582 3267 1626 3305 et
1649 3265 1858 3318 <florem>
1888 3265 1960 3307 de-

154 3331 253 3372 hinc
288 3330 491 3373 Oehlerus
