2248 3646
581 248 637 291 11.
669 249 742 291 De
772 248 953 291 Carnis
985 247 1390 289 Resurrectione
1423 248 1603 290 60—63.
1901 249 2001 298 123

193 406 438 473 pudendis
476 405 666 455 licebit.
707 404 1035 470 quadraginta
1074 403 1250 453 diebus
1281 403 1483 467 Moyses
1525 404 1572 452 et
1602 401 1777 451 Helias
1816 401 2001 451 ieiunio

192 492 350 542 functi
396 491 499 541 solo
547 490 637 540 deo
684 490 956 539 alebantur.
1000 488 1098 539 iam
1145 490 1264 537 tunc
1311 487 1440 536 enim
1490 486 1834 536 dedicabatur:
1886 501 2000 535 non

191 578 250 628 in
296 592 452 641 pane
497 576 681 626 uiuet
731 576 910 625 homo
967 574 1073 624 sed
1118 573 1178 622 in
1225 572 1322 622 dei
1375 572 1582 622 uerbo,
1638 587 1750 621 ecce
1795 570 1999 620 uirtutis

190 663 386 712 futurae
432 661 735 712 liniamenta.
782 675 872 710 nos
920 674 1134 724 quoque,
1173 661 1232 707 ut
1268 672 1559 721 possumuS‚
1609 671 1663 706 os
1704 656 1813 705 cibo
1860 670 2002 705 excu-

143 760 161 789 5
192 763 384 806 samus,
418 746 567 796 etiam
600 762 769 796 sexum
798 761 824 794 a
848 744 1197 812 congressione
1223 742 1572 793 subducimus,
1605 743 1728 805 quot
1758 740 2002 805 spadones

191 832 496 883 uoluntarii?
523 834 646 895 quot
668 830 889 896 uirgines
913 829 1111 879 Christo
1137 827 1429 877 maritatae?
1455 828 1577 890 quot
1601 825 1796 876 steriles
1820 825 2002 875 utrius-

192 931 286 981 que
316 918 520 966 naturae
550 915 880 965 infructuosis
913 913 1217 979 genitalibus
1251 912 1461 962 structi?
1493 927 1605 961 nam
1639 911 1682 961 si
1714 914 1762 961 et
1792 910 1873 960 hic
1903 910 2002 960 iam

190 1016 368 1051 uacare
422 1003 499 1051 est
550 1004 600 1050 et
651 1000 815 1050 officia
860 1003 910 1050 et
964 1000 1305 1049 emolumenta
1355 997 1691 1047 membrorum
1742 995 2004 1061 temporali

190 1086 471 1145 uacatione,
503 1089 559 1135 ut
589 1086 636 1136 in
668 1084 931 1150 temporali
965 1083 1312 1147 dispositione,
1344 1096 1434 1131 nec
1458 1081 1606 1131 homo
1638 1083 1804 1130 tamen
1838 1081 2003 1129 minus

121 1185 161 1215 10
193 1172 364 1223 saluus
405 1173 497 1231 est,
536 1170 742 1234 proinde
791 1169 993 1219 homine
1042 1168 1199 1228 saluo,
1241 1170 1291 1218 et
1336 1166 1536 1230 quidem
1575 1166 1738 1231 magis
1782 1167 1902 1215 tunc
1948 1168 2006 1215 ut

190 1257 239 1307 in
285 1258 482 1306 aeterna
526 1255 869 1320 dispositione,
924 1254 1083 1319 magis
1130 1269 1224 1303 non
1279 1251 1674 1301 desiderabimus
1728 1266 1851 1314 quae
1904 1251 2003 1299 iam

190 1342 272 1392 hic
310 1357 403 1392 non
445 1341 722 1391 desiderare
763 1340 1137 1390 consueuimuS.

264 1427 344 1476 62.
414 1425 511 1490 Sed
577 1425 694 1475 huic
754 1423 1105 1489 disceptationi
1165 1422 1310 1479 finem
1368 1421 1616 1472 dominica
1665 1420 2003 1484 pronuntiatio

190 1510 429 1575 imponit:
470 1513 667 1569 erunt,
707 1510 886 1574 inquit,
922 1513 1235 1573 tamquam
1276 1507 1507 1573 angeli.
1549 1507 1588 1556 si
1629 1522 1722 1556 non
1756 1505 2002 1567 nubendO,

122 1610 161 1641 15
193 1595 308 1659 quia
338 1611 428 1645 nec
458 1595 730 1655 moriendo,
763 1594 939 1658 utique
965 1608 1054 1643 nec
1081 1593 1172 1643 ulli
1198 1592 1353 1642 simili
1384 1591 1673 1642 necessitati
1706 1590 2004 1641 succidendo

193 1680 462 1746 corporalis
496 1679 815 1740 condicionis,
848 1679 963 1743 quia
997 1681 1047 1728 et
1077 1677 1239 1743 angeli
1264 1676 1530 1741 aliquando
1564 1680 1818 1741 tamquam
1849 1674 2006 1726 homi-

194 1781 280 1815 nes
320 1765 536 1826 fuerunt,
577 1765 764 1814 edendo
807 1767 856 1814 et
893 1763 1108 1814 bibendo
1151 1766 1200 1813 et
1243 1762 1395 1827 pedes
1439 1762 1639 1812 lauacro
1685 1760 2004 1826 porrigend03

196 1851 460 1900 humanam
509 1850 639 1900 enim
685 1850 949 1902 induerant
999 1848 1312 1912 superficiem
1363 1847 1504 1897 salua
1549 1847 1686 1896 intus
1727 1845 2008 1896 substantia

196 1936 406 2002 propria.
453 1935 608 2001 igitur
655 1934 697 1984 si
743 1934 924 1999 angeli,
968 1931 1391 1997 sacti'tamquam
1445 1931 1688 1991 homines,
1743 1932 1788 1980 in
1835 1930 2005 1980 eadem

127 2037 168 2067 20
198 2020 481 2071 substantia
511 2020 717 2085 spiritus
751 2020 994 2069 carnalem
1028 2017 1376 2068 tractationem
1409 2018 1755 2081 susceperunt,
1795 2031 1883 2065 cur
1911 2030 2006 2064 non

199 2110 247 2156 et
286 2107 525 2168 homineS,
563 2105 682 2155 facti
720 2107 975 2169 tamquam
1018 2103 1196 2169 angeli,
1236 2103 1283 2153 in
1324 2103 1494 2152 eadem
1530 2101 1812 2152 substantia
1845 2100 2006 2150 carnis

198 2191 470 2256 spiritalem
499 2191 710 2241 subeant
733 2189 1148 2255 dispositionem?
1180 2204 1273 2238 non
1298 2188 1459 2255 magis
1490 2186 1817 2238 sollemnibus
1849 2185 2007 2235 carnis

199 2277 395 2328 obnoxii
435 2277 527 2327 sub
568 2275 794 2341 angelico
825 2274 1116 2324 indumento
1150 2288 1298 2337 quam
1330 2273 1492 2338 angeli
1533 2277 1651 2322 tunc
1680 2271 2008 2322 sollemnibus

201 2363 407 2428 spiritus
448 2361 540 2412 sub
580 2361 812 2420 humane,
852 2375 942 2409 nec
980 2359 1092 2409 ideo
1133 2374 1226 2408 non
1259 2357 1569 2422 permansuri
1607 2359 1654 2407 in
1696 2372 1854 2416 carne,
1894 2356 2011 2420 quia

131 2463 172 2493 ιε,
200 2463 293 2497 non
334 2449 382 2496 et
420 2446 468 2495 in
509 2445 838 2497 sollemnibus
878 2444 1055 2505 carnis,
1103 2459 1217 2494 cum
1255 2458 1346 2492 nec
1384 2442 1548 2508 angeli
1591 2441 1702 2492 ideo
1742 2456 1836 2492 non
1876 2444 1925 2491 et
1960 2441 2008 2490 in

202 2533 380 2597 spiritu
432 2530 809 2596 permanserint,
863 2530 979 2595 quia
1029 2544 1125 2579 non
1188 2531 1238 2578 et
1294 2528 1341 2577 in
1403 2527 1729 2577 sollemnibus
1789 2526 2011 2591 spiritus,

204 2616 415 2681 denique
459 2631 556 2666 non
604 2615 750 2664 dixit:
798 2616 984 2664 erunt
1027 2613 1260 2679 angeli,
1298 2627 1358 2662 ne
1397 2611 1625 2663 homines
1664 2614 1884 2677 negaret,
1924 2611 2009 2660 sed

202 2705 519 2766 tamquam
582 2702 809 2767 angeli,
869 2702 928 2750 ut
986 2699 1212 2750 homines
1268 2699 1600 2748 conseruaret.
1654 2713 1749 2747 non
1803 2695 2013 2746 abstulit

204 2786 536 2838 substantiam
577 2786 658 2836 cui
696 2785 1078 2836 similitudinem
1118 2782 1373 2833 adtribuit.

137 2888 176 2918 ⁸0
277 2875 357 2924 63.
394 2873 643 2939 Resurget
680 2872 836 2938 igitur
866 2886 994 2931 caro,
1036 2873 1085 2920 et
1116 2869 1317 2934 quidem
1358 2868 1534 2926 omnis,
1574 2871 1626 2917 et
1656 2866 1853 2932 quidem
1886 2866 2011 2931 ipsa,

350 2983 389 3036 1]
414 2981 466 3024 cf.
490 2980 621 3024 Exod.
642 2982 708 3034 24,
735 2981 800 3024 18.
906 2979 958 3022 cf.
981 2979 1046 3021 111
1070 2979 1173 3033 Reg.
1202 2979 1266 3024 19.
1297 2978 1335 3021 8.
1427 2977 1468 3032 2]
1494 2977 1623 3020 Dent.
1648 2977 1688 3027 8,
1714 2978 1753 3018 3.
1782 2975 1833 3018 cf.
1858 2976 2011 3019 Matth.

206 3055 246 3103 4,
277 3055 319 3096 4.
347 3054 450 3095 Luc.
481 3055 521 3101 4,
551 3055 590 3098 4.
681 3054 750 3107 14]
782 3052 938 3094 Matth.
970 3052 1039 3104 22,
1069 3051 1136 3093 30.
1229 3051 1297 3104 17]
1332 3049 1384 3093 cf.
1417 3049 1524 3091 Gen.
1559 3049 1624 3101 18,
1654 3048 1780 3091 4-8.

265 3140 290 3181 2
321 3139 402 3181 soli
434 3139 466 3186 (i
496 3151 549 3181 ex
578 3139 618 3190 o)
648 3138 695 3179 F
778 3138 802 3180 3
832 3150 942 3192 pane
973 3136 1063 3178 solo
1099 3136 1135 3178 0
1244 3135 1367 3176 uiuet
1389 3133 1455 3182 M,
1487 3134 1601 3175 uiuit
1628 3132 1717 3174 PF
1792 3132 1817 3174 6
1842 3132 2013 3175 Christo

214 3210 314 3252 Gel:
346 3209 499 3251 christi·
523 3209 667 3251 PMF
764 3210 786 3250 7
817 3222 915 3250 nam
947 3220 1026 3249 om.
1062 3206 1165 3249 Get.-
1194 3206 1329 3260 igitur
1348 3207 1461 3258 fort.
1578 3205 1613 3245 si
1645 3209 1688 3246 et
1716 3202 1818 3245 MF
1841 3202 1942 3245 Gel:
1972 3206 2016 3244 et

210 3281 245 3321 si
274 3280 317 3320 P
421 3280 474 3322 25
506 3279 980 3321 carnis—sollemnibus
1010 3290 1089 3319 om.
1120 3278 1162 3318 P
1192 3276 1310 3328 (add.
1342 3276 1385 3317 R
1415 3276 1463 3317 in
1492 3289 1571 3329 my.
1610 3289 1661 3317 ex
1689 3274 2015 3328 Hirsauy-imsa)

210 3351 252 3393 in
285 3351 437 3405 spiritu
459 3351 515 3399 B,
547 3351 702 3405 spiritu
724 3350 868 3391 PMF
949 3349 1002 3391 30
1033 3352 1228 3402 resurget
1250 3345 1462 3396 PMFR¹‚
1493 3348 1680 3400 resurgit
1702 3345 1765 3387 R³
