2248 3646
220 201 325 250 438
594 197 783 249 Quinti
818 198 1049 254 Septimi
1080 198 1356 241 Florentis
1390 201 1720 245 Tertulliani

218 360 321 425 <in>
363 374 487 424 quas
528 358 664 424 apud
703 358 955 410 Nazareth
997 359 1276 422 descendit,
1309 361 1520 412 uitando
1554 362 1875 423 Archelaum,
1915 364 2080 415 filium

219 446 456 499 Herodis,
505 446 601 497 hoc
648 449 916 512 propterea
963 464 1060 499 non
1109 448 1276 509 omisi,
1327 448 1446 514 quia
1494 449 1758 500 Christum
1806 451 2080 503 Marcionis

219 538 515 600 oportuerat
563 550 711 588 omne
760 535 1125 585 commercium
1175 537 1393 587 eierasse
1435 536 1588 587 etiam
1627 538 1856 588 locorum
1899 539 2082 589 famili-

220 623 380 672 arium
418 621 608 673 Christi
642 622 901 684 creatoris,
935 622 1207 673 habentem
1240 626 1382 673 tanta
1412 623 1630 674 Iudaeae
1664 625 1850 691 oppida
1881 641 1979 676 non
2011 626 2084 676 ita

218 709 424 762 Christo
474 709 718 760 creatoris
759 725 849 775 per
894 710 1169 775 prophetas
1219 711 1549 776 emancipata.
1599 715 1825 762 ceterum
1870 713 2084 778 prophe·
2134 736 2156 767 5

216 799 385 847 tarum
421 797 518 847 erit
551 796 808 860 Christus,
842 797 1154 862 ubicumque
1190 798 1472 848 secundum
1505 799 1778 865 prophetas
1812 800 2083 851 inuenitur.

221 891 270 935 et
302 886 472 936 tamen
508 885 644 951 apud
668 884 922 936 Nazareth
958 901 1160 950 quoque
1193 886 1322 936 nihil
1355 887 1477 937 noui
1508 889 1716 937 notatur
1746 887 2084 952 praedicasse,

219 973 342 1024 dum
377 973 475 1023 alio
511 973 692 1023 merito
729 969 901 1042 [unius
933 971 1209 1043 prouerbii]
1255 974 1449 1025 eiectus
1481 975 1710 1026 refertur.
1749 975 1833 1026 hic
1863 975 2084 1041 primum

218 1076 401 1111 manus
450 1060 496 1111 ei
541 1060 756 1111 iniectas
805 1060 1217 1111 animaduertens
1266 1077 1477 1112 necesse
1523 1062 1685 1113 habeo
1725 1063 1826 1112 iam
1869 1062 1927 1113 de
1968 1063 2085 1113 sub-

222 1148 414 1199 stantia
462 1148 571 1199 eius
622 1148 871 1214 corporali
918 1148 1199 1213 praefinire,
1248 1147 1383 1214 quod
1429 1164 1525 1199 non
1572 1149 1740 1215 possit
1784 1150 2087 1215 phantasma
2116 1173 2159 1203 10

219 1236 357 1287 credi
397 1236 485 1302 qui
525 1238 821 1287 contactum
864 1237 915 1286 et
954 1236 1161 1301 quidem
1201 1235 1449 1286 uiolentia
1488 1236 1698 1302 plenum
1748 1237 1984 1288 detentus
2038 1240 2088 1288 et

219 1327 399 1390 captus
457 1327 507 1376 et
560 1325 621 1375 ad
674 1324 1037 1390 praecipitium
1085 1340 1249 1389 usque
1296 1326 1586 1389 protractus
1635 1324 1916 1378 admiserit.
1970 1341 2087 1375 nam

219 1413 317 1463 etsi
356 1428 445 1478 per
483 1413 680 1463 medios
724 1412 907 1475 euasit,
951 1412 1040 1463 sed
1080 1414 1193 1462 ante
1232 1412 1333 1462 iam
1374 1412 1482 1462 uim
1522 1414 1759 1477 expertus
1813 1415 1863 1463 et
1908 1415 2088 1477 postea

219 1500 485 1563 dimissus,
521 1500 721 1551 scilicet
746 1501 934 1562 soluto,
961 1500 1037 1549 uti
1067 1500 1282 1562 adsolet,
1302 1499 1548 1562 tumultu,
1573 1500 1659 1550 1161
1684 1500 1838 1550 etiam
1863 1501 2086 1565 inruptO,

220 1604 316 1638 non
366 1591 535 1639 tamen
590 1604 678 1653 per
735 1589 1007 1655 caliginem
1064 1585 1222 1651 eluso,
1279 1603 1406 1652 quae
1467 1587 1595 1638 nulli
1658 1588 1862 1638 omnino
1925 1587 2087 1638 tactui
2119 1608 2160 1640 15

219 1676 543 1739 succidisset,
587 1676 630 1727 si
661 1675 863 1726 fuisset.
904 1678 1155 1742 tangere
1197 1675 1351 1726 enim
1393 1677 1450 1725 et
1488 1675 1660 1742 tangi
1698 1675 1818 1726 nisi
1861 1690 2083 1740 corpus

217 1763 392 1813 nulla
430 1765 643 1829 potest
680 1779 776 1813 res
819 1763 969 1813 etiam
1006 1763 1283 1813 saecularis
1319 1762 1599 1828 sapientiae
1640 1762 1794 1829 digna
1835 1761 2089 1813 sententia

220 1854 315 1902 est.
372 1851 434 1901 ad
490 1866 768 1901 summam:
819 1852 869 1901 et
921 1848 1030 1915 ipse
1087 1867 1203 1901 mox
1250 1850 1425 1918 tetigit
1465 1850 1610 1912 alios,
1669 1850 1856 1915 quibus
1903 1865 2085 1901 manus

219 1939 504 2004 imponens,
537 1938 719 2004 utique
755 1938 1064 2001 sentiendas,
1097 1936 1342 1989 beneficia
1374 1937 1743 1989 medicinarum
1776 1938 2084 1998 conferebat,

219 2031 325 2077 tam
358 2042 496 2089 uera,
530 2029 636 2077 tam
669 2043 768 2078 non
800 2026 1119 2093 imaginaria,
1154 2042 1308 2092 quam
1341 2027 1483 2076 erant
1513 2042 1602 2092 per
1628 2042 1752 2092 quas
1779 2025 2083 2077 conferebat.
2116 2049 2158 2080 20

218 2117 330 2181 ipse
370 2115 533 2182 igitur
573 2117 652 2166 est
692 2114 928 2166 Christus
969 2114 1167 2175 Esaiae,
1210 2114 1521 2165 remediator
1551 2114 1929 2165 ualitudinum:
1970 2114 2083 2176 hie,

217 2203 402 2268 inquit,
428 2203 903 2253 imbecillitates
938 2205 1181 2252 nostras
1216 2202 1418 2252 aufert
1452 2204 1514 2252 et
1545 2203 1828 2270 langores
1861 2204 2082 2267 portat.

218 2294 419 2358 portare
454 2294 623 2342 autem
659 2290 842 2342 Graeci
876 2291 1029 2340 etiam
1062 2305 1149 2356 pro
1186 2306 1241 2341 eo
1277 2289 1443 2341 solent
1474 2305 1677 2356 ponere,
1712 2290 1847 2355 quod
1879 2292 1959 2340 est
1990 2290 2085 2340 tol-

215 2380 332 2430 lere.
354 2378 544 2429 sufficit
560 2379 767 2430 interim
785 2379 912 2429 mihi
928 2378 1178 2446 generalis
1202 2377 1546 2444 repromissio.
1567 2377 1926 2443 quod-cumque
1946 2393 2084 2428 cura-

218 2466 353 2517 uerit
374 2467 539 2530 Iesus,
572 2482 719 2517 meus
746 2470 840 2518 est.
867 2466 1133 2516 ueniemus
1160 2468 1332 2516 tamen
1360 2467 1410 2515 et
1435 2465 1497 2515 ad
1523 2466 1720 2530 species
1747 2465 2082 2515 curationum.
2114 2489 2157 2521 25

295 2554 533 2606 Ceterum
590 2557 640 2613 et
694 2570 722 2604 a
776 2553 1056 2605 daemoniis
1110 2553 1326 2604 liberare
1382 2553 1575 2603 curatio
1632 2556 1710 2604 est
1762 2552 2081 2603 ualitudinis.

215 2643 392 2707 itaque
440 2643 652 2708 spiritus
700 2657 919 2708 nequam
966 2642 1110 2707 quasi
1159 2658 1215 2691 ex
1262 2642 1424 2691 forma
1471 2641 1572 2691 iam
1626 2640 1809 2706 prioris
1867 2639 2085 2704 exempli

216 2746 337 2782 cum
383 2730 676 2781 testimonio
726 2729 1035 2780 excedebant
1081 2727 1447 2779 uociferantes:
1504 2731 1567 2777 tu
1625 2743 1683 2778 es
1738 2726 1914 2778 filius
1971 2726 2081 2778 dei.

368 2831 410 2886 1]
447 2830 498 2873 cf.
531 2829 692 2872 Matth.
727 2830 768 2884 2,
800 2830 867 2871 22.
989 2829 1030 2884 8]
1066 2828 1117 2871 cf.
1151 2828 1254 2871 Luc.
1287 2828 1328 2882 4,
1362 2828 1428 2870 23.
1463 2828 1568 2883 [24]
1604 2827 1672 2870 29.
1794 2828 1863 2881 12]
1897 2826 1948 2870 cf.
1981 2826 2084 2868 Luc.

215 2905 259 2957 4,
292 2905 362 2946 29.
456 2904 526 2960 13]
563 2903 614 2946 cf.
648 2903 752 2945 Luc,
783 2904 824 2957 4,
857 2903 924 2945 30.
1021 2903 1092 2957 16]
1122 2902 1296 2944 Lucret.
1332 2901 1384 2943 de
1416 2914 1495 2942 rer.
1527 2903 1617 2943 nat.
1651 2899 1686 2953 I,
1718 2901 1816 2942 305.
1906 2900 1979 2955 21]
2013 2900 2083 2941 Es.

216 2979 289 3026 53,
322 2979 362 3019 4.
453 2977 524 3033 28]
561 2979 663 3021 Luc.
695 2978 735 3030 4,
767 2977 836 3018 41.

283 3053 301 3092 1
348 3052 457 3106 <111>
495 3064 601 3105 quas
640 3050 822 3104 scrtpsi:
862 3063 969 3104 quas
1009 3048 1121 3103 MR,
1163 3048 1282 3102 <ad>
1321 3061 1427 3103 quas
1471 3046 1554 3090 Get
1643 3047 1667 3088 5
1705 3046 1953 3101 mancipata
1990 3046 2084 3088 Iun

217 3126 246 3168 8
273 3125 358 3168 alio
383 3125 540 3167 merito
567 3127 640 3176 (z
663 3138 738 3165 um
765 3124 885 3166 einer
909 3122 1106 3165 anderen
1130 3122 1304 3165 Sehuld
1325 3122 1486 3172 wille‘n,
1513 3122 1569 3175 cf.
1593 3119 1705 3162 Luc.
1733 3122 1773 3171 4,
1800 3122 1880 3172 23)
1905 3119 2085 3174 scripsi:

219 3199 322 3250 alio,
353 3199 509 3240 merito
541 3198 677 3253 uulyo
835 3196 966 3238 unius
1006 3195 1228 3251 prouerbii
1259 3194 1441 3247 seclum}-
1473 3199 1533 3237 est
1563 3194 2012 3247 interpretamentum,
2045 3197 2085 3235 et

217 3272 394 3328 quidem
415 3272 625 3326 ineptum,
650 3271 883 3313 uerborum
909 3269 993 3311 alio
1019 3269 1191 3320 merito,
1215 3272 1438 3323 sumptum
1462 3281 1514 3309 ex
1538 3267 1648 3311 Luc.
1677 3270 1718 3319 4,
1745 3268 1820 3308 24.
1883 3267 1935 3308 15
1962 3266 2082 3307 eluso

219 3344 295 3395 R3,
328 3345 422 3387 eius
455 3359 478 3387 o
502 3342 624 3387 ΜΗ1
695 3345 744 3385 17
779 3343 997 3399 sapientia
1028 3341 1237 3385 Oehlerus
1312 3342 1366 3383 22
1398 3341 1600 3395 langores
1631 3339 1744 3394 MF,
1777 3339 2008 3394 languores
2039 3338 2084 3381 R

219 3418 275 3460 26
307 3416 364 3459 ad
396 3417 636 3459 daemoniis
667 3416 726 3458 M
843 3418 910 3458 est
940 3415 997 3470 R,
1032 3416 1077 3457 et
1106 3415 1163 3457 M
