2248 3646
149 766 168 795 5

127 1192 168 1221 10

124 1614 164 1644 15

124 2041 164 2071 20

126 2463 166 2493 25

564 251 658 292 VII.
689 249 952 292 Aduersus
983 249 1298 290 Marcionem
1327 249 1399 290 lib.
1431 249 1518 290 IIII
1552 249 1615 289 16.
1902 252 1999 300 471

202 423 267 458 ex
312 407 627 457 fratribus
674 405 821 466 tuis,
874 421 989 455 non
1043 407 1296 455 auertes
1344 407 1666 454 cortuum
1714 419 1822 454 neo
1870 419 2001 454 oon-

202 491 488 557 stringes
533 506 774 540 manum
814 492 982 540 tuam
1028 504 1055 537 a
1092 489 1292 538 fratre
1331 493 1438 539 tuo
1476 489 1824 555 indigente.
1872 505 2002 554 ape-

200 577 370 627 riens
432 575 686 640 aperies
746 574 851 624 illi
911 589 1171 634 manum,
1241 574 1423 624 fenus
1492 574 1817 624 fenera-bis
1878 574 2000 634 illi,

202 663 506 725 quantum
561 659 980 710 desiderarit.
1035 659 1176 709 fenus
1224 659 1353 707 enim
1398 659 1495 708 nisi
1534 659 1723 723 petenti
1762 659 1865 708 dari
1909 675 2003 709 non

200 747 341 796 solet.
397 745 482 794 sed
523 744 582 794 de
620 744 786 793 fenore
826 742 1163 807 postmodnm.
1212 758 1357 803 nuno,
1399 743 1441 793 si
1481 744 1564 807 qui
1602 743 1821 793 uoluerit
1859 759 2003 808 argu·

197 829 406 880 mentari
450 831 719 879 crea-torem
766 828 967 892 quidem
1019 827 1253 877 fratribus
1309 828 1413 876 dari
1461 827 1691 889 iussisse,
1747 827 2001 878 Christum

197 930 316 964 uero
364 909 591 964 omnibus
636 913 940 978 petentibus,
987 915 1045 961 ut
1082 912 1175 962 hoe
1215 913 1281 962 sit
1316 928 1502 962 nouum
1542 916 1690 977 atque
1730 913 2002 973 diuersum,

196 1001 349 1049 immo
403 1015 556 1048 unum
614 999 707 1047 erit
759 1012 812 1046 ex
868 997 963 1057 his,
1017 1012 1105 1061 per
1150 1012 1273 1060 quae
1318 998 1395 1047 lex
1449 998 1683 1047 creatoris
1737 998 1829 1047 erit
1874 1014 1908 1048 ave
1953 999 2002 1047 in

199 1085 412 1136 Christo,
467 1099 563 1133 non
618 1083 748 1132 enim
794 1082 929 1132 aliud
969 1082 1198 1133 Christus
1244 1082 1294 1131 in
1342 1097 1512 1131 omnes
1559 1083 1811 1147 praecepit
1855 1099 2002 1146 quam

199 1170 330 1234 quod
384 1172 573 1219 creator
624 1169 673 1217 in
724 1169 917 1218 fratres,
970 1184 1084 1217 nam
1137 1168 1233 1217 etsi
1284 1168 1440 1217 maior
1492 1171 1568 1217 est
1612 1168 1823 1230 bonitaS‚
1877 1184 2003 1232 quae

197 1258 429 1320 operatur
465 1255 513 1304 in
555 1257 826 1315 exti·aneOS‚
868 1253 954 1302 sed
992 1269 1086 1302 non
1125 1253 1258 1318 prior
1296 1269 1367 1312 ea,
1409 1269 1533 1317 quae
1573 1256 1684 1303 ante
1717 1253 1923 1303 debetin·
1951 1254 2001 1302 in

195 1340 461 1404 proximos
524 1340 635 1404 quis
690 1339 819 1388 enim
857 1339 1042 1402 poterit
1082 1338 1287 1405 diligere
1327 1340 1597 1399 ext1·aneOS‚
1639 1342 1785 1389 mese?
1825 1338 2003 1402 quodsi

196 1424 446 1475 secundus
494 1423 676 1489 gradus
722 1422 960 1473 bonitatis
1010 1426 1085 1472 est
1123 1422 1171 1471 in
1213 1426 1484 1483 extraneos,
1541 1423 1625 1486 qui
1663 1423 1711 1472 in
1750 1423 2000 1486 proximos

194 1510 384 1575 primus
425 1513 517 1569 est,
566 1509 790 1559 eiusdem
838 1508 930 1557 erit
975 1508 1222 1558 secundus
1263 1508 1464 1574 gradus,
1512 1508 1654 1557 ouius
1702 1511 1749 1558 et
1794 1508 2000 1571 primm,

193 1595 391 1644 facilius
432 1610 578 1658 quam
617 1596 675 1643 ut
712 1594 819 1644 eius
860 1594 926 1643 sit
965 1593 1229 1655 secundus,
1278 1593 1419 1642 ouius
1458 1609 1553 1643 non
1594 1594 1757 1643 extitit
1792 1594 1999 1657 primns,

193 1681 264 1729 ita
302 1681 493 1730 creator
531 1683 580 1728 et
619 1679 891 1728 seeundum
930 1681 1133 1728 naturae
1173 1679 1395 1728 ordinem
1425 1679 1642 1742 primum
1672 1679 1721 1728 in
1752 1679 1999 1743 proximos

195 1765 368 1814 docuit
419 1765 793 1830 benignitatem,
847 1764 1122 1814 emissurus
1170 1780 1276 1814 eam
1321 1766 1497 1827 postea
1542 1766 1591 1813 et
1634 1765 1683 1813 in
1730 1767 1999 1821 extraneo&

195 1860 246 1900 et
291 1851 563 1900 seeundum
610 1851 852 1900 rationem
900 1850 1247 1913 dispositionis
1294 1861 1412 1899 suae
1458 1850 1615 1915 primo
1669 1850 1718 1900 in
1770 1849 1998 1908 Iudaeos¹‚

194 1937 368 2000 postea
421 1937 469 1984 et
519 1934 567 1983 in
615 1950 757 1985 omne
801 1934 1059 1984 hominum
1105 1950 1276 2001 genus.
1325 1934 1538 1997 ideoque
1586 1933 1824 1998 quamdiu
1869 1934 2001 1983 intra

195 2020 464 2070 Israhelem
518 2022 623 2069 erat
667 2022 1049 2080 sacramentum,
1087 2020 1265 2069 merito
1303 2019 1353 2068 in
1401 2019 1535 2070 solos
1582 2020 1757 2069 fratres
1809 2019 1999 2068 miseri-

196 2105 413 2155 oordiam
458 2105 741 2164 mandabat,
795 2106 844 2174 at
889 2104 975 2153 ubi
1022 2102 1218 2154 Christo
1268 2104 1405 2153 dedit
1449 2106 1622 2170 gentes
1653 2103 1999 2155 ‚hereditatem

196 2192 246 2239 et
287 2189 660 2252 possessionem
704 2189 942 2239 terminos
972 2192 1146 2238 vterrae
1186 2191 1235 2238 et
1272 2189 1437 2253 eoepit
1475 2189 1689 2253 expungi
1730 2188 1861 2252 quod
1900 2188 1999 2238 dic-

195 2277 302 2324 tum
343 2278 420 2325 est
455 2290 542 2339 per
581 2275 730 2324 Osee:
777 2291 893 2325 non
939 2275 1217 2338 populns
1263 2290 1436 2325 meus
1481 2275 1760 2339 populus
1807 2290 1997 2334 1116116,

197 2363 258 2409 et
314 2376 429 2411 non
489 2361 1005 2410 misericordiam
1066 2363 1415 2410 consecuta
1482 2359 1997 2409 misericordiam

197 2447 557 2506 consecuta,
611 2446 744 2495 natio
794 2446 1002 2508 seilicet,
1051 2446 1221 2496 exinde
1262 2446 1491 2497 Christus
1538 2445 1587 2494 in
1627 2460 1796 2494 omnes
1833 2444 1999 2509 legem

194 2533 422 2595 paternae
468 2531 791 2596 benignitatis
838 2531 1069 2591 extendit,
1124 2531 1369 2580 neminem
1417 2530 1663 2595 excipiens
1708 2530 1757 2578 in
1797 2529 2000 2580 misera--

335 2724 403 2777 21]
438 2725 488 2765 cf.
520 2725 586 2765 ps.
619 2725 657 2772 2,
691 2724 728 2766 8.
818 2725 888 2778 23]
923 2725 1041 2765 Rom.
1073 2725 1111 2773 9,
1144 2725 1207 2766 25.
1243 2725 1292 2768 cf.
1326 2724 1397 2766 os.
1430 2726 1468 2774 2,
1500 2726 1575 2773 23;
1609 2726 1646 2774 2,
1681 2725 1716 2766 1.

255 2864 274 2903 1
310 2877 357 2904 ex
380 2864 444 2913 M,
471 2878 491 2905 6
512 2864 701 2918 Ruulqo
790 2866 986 2914 auertens
1006 2864 1065 2904 M
1082 2867 1205 2917 (corr.
1230 2878 1282 2907 m.
1307 2868 1345 2914 1)
1413 2866 1437 2905 2
1460 2865 1591 2906 fratre
1615 2867 1688 2906 tuo
1710 2864 1777 2914 M,
1801 2864 1932 2905 fratre
1957 2865 1998 2906 R

195 2936 220 2977 3
251 2936 315 2976 illi
344 2935 387 2977 R
419 2936 515 2986 (alt.
549 2937 671 2988 loeo),
700 2935 820 2976 illum
852 2936 908 2977 M
1030 2938 1056 2978 4
1088 2936 1342 2978 desiderarit
1370 2937 1438 2985 M,
1471 2936 1687 2979 desiderat
1717 2937 1760 2978 R
1887 2939 1910 2978 5
1944 2936 1995 2977 de

194 3006 338 3048 fenore
362 3005 435 3054 13³,
470 3007 569 3047 dato
600 3006 745 3048 fenore
768 3006 886 3049 MR1
944 3009 968 3049 8
992 3010 1035 3049 et
1063 3007 1129 3048 his
1151 3007 1212 3050 R1
1302 3009 1508 3050 lacunam
1537 3009 1735 3062 siynaui:
1764 3007 1997 3061 adimpleta

194 3077 286 3117 siue
316 3077 513 3131 suppleta
542 3077 809 3119 intercidisse
830 3083 942 3131 puto
1029 3080 1053 3120 9
1087 3078 1193 3120 aliut
1221 3079 1280 3119 M
1363 3079 1410 3120 11
1446 3078 1625 3121 debetur
1653 3080 1717 3132 M,
1751 3079 1926 3120 deberet
1953 3078 1996 3119 R

194 3147 326 3202 uulgo
415 3149 464 3189 12
490 3148 695 3190 lacunam
723 3149 921 3203 siquam.-
950 3149 1033 3190 nisi
1064 3150 1135 3202 qui
1161 3153 1259 3191 ante
1285 3149 1479 3191 dilexerit
1499 3151 1710 3205 proximos
1730 3150 1997 3191 intercidisse

186 3222 311 3271 puto,
345 3219 438 3271 quis
469 3220 581 3259 enim
607 3221 725 3271 <non
757 3219 940 3273 diligens
970 3220 1212 3274 proximos>
1240 3221 1399 3274 poterit
1429 3221 1511 3262 Urs
1626 3222 1676 3263 13
1708 3220 1916 3261 secundus
1939 3219 1995 3269 R,

195 3288 427 3330 secundum
457 3289 558 3330 MF
642 3290 691 3332 15
725 3290 868 3331 extitit
896 3291 1004 3343 MF,
1038 3292 1183 3335 existit
1206 3291 1249 3333 R
1311 3292 1359 3333 17
1394 3293 1598 3333 emisurus
1628 3291 1687 3332 M
1784 3293 1827 3332 et
1856 3291 1897 3330 in
1929 3289 1994 3342 M,

194 3360 239 3401 111
268 3359 311 3401 R
397 3361 450 3401 25
480 3347 619 3414 legem
650 3366 704 3412 (m
735 3375 786 3403 ecc
817 3376 834 3402 s
868 3376 896 3402 a
925 3376 977 3403 m.
1010 3367 1048 3414 1)
1081 3363 1139 3403 M
