2248 3646
114 1127 151 1155 10

111 1554 147 1586 15

527 189 620 231 VII.
649 188 911 231 Aduersus
940 180 1251 234 Marcionem
1281 187 1355 228 lib.
1386 186 1407 228 I
1439 187 1615 228 11-12,
1882 188 1982 238 305

182 349 345 396 totum
390 338 484 396 hoc
524 345 758 406 condidit,
807 346 899 395 hoc
936 346 1046 409 ipso
1084 359 1227 394 nemo
1275 343 1453 393 debeat
1498 343 1694 391 credere
1742 341 1889 391 deum
1936 345 1987 391 et

182 432 344 491 illum,
392 432 477 494 qui
522 430 646 479 nihil
691 429 929 491 condidit,
977 428 1073 478 nisi
1119 428 1243 478 ratio
1289 426 1415 476 forte
1461 427 1751 497 proferatur.
1804 427 1983 491 duplex

182 519 281 566 ista
324 516 556 566 uideatur
600 530 804 564 necesse
850 517 941 576 est,
989 515 1046 562 ut
1092 515 1178 563 aut
1220 512 1438 562 noluerit
1482 511 1688 560 condere
1735 512 1853 575 quid
1899 516 1989 561 aut

182 617 278 651 non
323 600 557 666 potuerit.
602 599 808 649 tertium
848 601 1025 649 cessat.
1073 598 1158 647 sed
1198 613 1292 647 non
1331 596 1556 660 potuisse
1595 596 1853 661 indignum
1894 597 1985 646 deo

185 688 273 736 est.
320 686 541 735 noluisse
590 699 647 733 an
694 683 916 749 dignum,
965 682 1080 732 uolo
1126 682 1385 746 inquirere.
1433 681 1512 731 dic
1559 682 1697 741 mihi,
1744 681 1984 742 Marcion,

183 770 346 820 uoluit
384 770 505 819 deus
544 771 664 819 tuus
704 768 938 833 cognosci
980 782 1031 817 se
1072 782 1386 832 quocumque
1418 766 1465 815 in
1504 769 1727 830 tempore
1766 782 1825 816 an
1857 770 1989 817 non‘?

182 856 278 905 alio
315 854 570 920 proposito
611 856 660 903 et
698 853 954 903 descendit
992 855 1043 903 et
1079 852 1387 918 praedicauit
1425 853 1475 902 et
1505 868 1683 917 passus
1721 852 1990 902 resurrexit:

182 956 329 1004 quam
389 940 465 989 uti
525 941 945 1004 cognosceretur?
1008 941 1058 987 at
1117 938 1222 987 sine
1283 937 1451 996 dubio,
1506 938 1548 987 si
1602 938 1832 1003 cogni-tus
1894 939 1987 997 est,

180 1025 356 1075 uoluit.
396 1024 519 1073 nihil
566 1024 700 1074 enimx
742 1024 871 1073 circa
910 1039 1030 1073 ‘eum
1077 1024 1232 1083 fieret⁷
1285 1023 1382 1073 nisi
1435 1022 1698 1074 uoluisset.
1747 1023 1831 1087 qui
1871 1038 1988 1088 ergo

182 1112 438 1174 tantopere
500 1111 726 1160 notitia-m
790 1110 867 1158 sui
926 1109 1231 1174 procumuit,
1299 1111 1358 1158 ut
1414 1108 1463 1157 in
1526 1108 1764 1166 dedecore
1824 1108 1986 1158 carnis

183 1195 509 1255 exhiberetur,
552 1198 601 1244 et
638 1194 837 1258 quidem
878 1194 1078 1255 maiore,
1121 1194 1162 1244 si
1203 1194 1372 1255 falsae,
1404 1224 1471 1229 ——-
1502 1210 1615 1243 nam
1647 1193 1741 1243 hoc
1771 1194 1987 1258 turpiUS‚

182 1281 224 1329 si
265 1283 314 1329 et
351 1281 590 1330 mentitus
631 1283 708 1329 est
739 1280 1069 1329 substantiam
1111 1280 1327 1344 corporis
1359 1308 1428 1314 —-—
1460 1280 1543 1343 qui
1579 1282 1628 1329 et
1665 1279 1987 1329 maledictum

180 1365 227 1414 in
270 1381 321 1415 se
362 1365 596 1415 creatoris
636 1365 839 1415 admisit
874 1366 1010 1430 ligno
1052 1380 1342 1430 suspens11S‚
1384 1369 1565 1429 quanto
1606 1365 1864 1415 honestius
1902 1381 1990 1429 per

181 1450 344 1513 aliqua
367 1451 591 1515 propriae
617 1450 890 1501 molitionis
914 1451 1095 1502 indicia
1120 1451 1449 1516 cognitionem
1477 1452 1554 1500 sui
1579 1451 1988 1514 praestruxisset!

182 1536 390 1584 maxime
424 1535 664 1585 aduersus
690 1551 802 1585 eum
830 1536 1061 1601 cognosci
1094 1536 1295 1596 habenS‚
1328 1536 1456 1599 apud
1489 1552 1637 1599 quem
1670 1552 1723 1584 ex
1755 1537 1988 1601 operibus

182 1621 240 1670 ab
270 1620 413 1670 initio
447 1621 679 1686 cognitus
711 1637 804 1670 non
838 1623 958 1671 erat.
990 1627 1101 1670 nam
1135 1624 1183 1671 et
1207 1621 1350 1684 quale
1377 1625 1468 1682 est,
1496 1624 1551 1670 ut
1574 1624 1764 1671 creator
1787 1622 1986 1685 quidem

180 1704 410 1771 ignorans
450 1721 560 1756 esse
593 1706 743 1755 alium
778 1722 926 1771 super
955 1722 1007 1756 se
1040 1707 1203 1766 deum,
1236 1712 1294 1755 ut
1323 1708 1501 1756 uolunt
1531 1706 1869 1766 Marcionitae,
1902 1708 1988 1772 qui

182 1791 346 1840 solum
373 1807 423 1840 se
449 1791 600 1840 etiam
623 1791 788 1841 iurans
822 1791 1163 1861 adseuerabat,
1195 1793 1347 1841 tantis
1382 1792 1614 1856 operibus
1646 1792 1878 1842 notitiam
1908 1793 1988 1843 sui

182 1876 461 1936 armauerit,
503 1891 650 1939 quam
689 1879 919 1940 potuerat
955 1892 1049 1926 non
1081 1863 1152 1926 ita
1184 1892 1382 1926 curasse
1421 1877 1695 1926 secundum
1727 1877 1990 1943 singulari-

112 1981 130 2010 2
181 1961 300 2010 tatis
340 1976 458 2010 suae
489 1962 963 2026 praesumptionem,
1003 1962 1088 2011 ille
1121 1965 1286 2011 autem
1319 1962 1598 2022 sublimior,
1633 1962 1794 2012 sciens
1825 1962 1991 2012 inferi-

183 2062 315 2096 orem
347 2046 494 2095 deum
526 2050 626 2096 tam
657 2047 974 2107 instructum,
999 2049 1189 2097 nullam
1214 2048 1308 2098 sibi
1340 2049 1647 2112 prospexerit
1676 2048 1988 2114 agnoscendo

180 2134 497 2196 paraturam?
538 2133 731 2196 quando
764 2134 913 2183 etiam
944 2133 1218 2198 insigniora
1248 2138 1296 2183 et
1327 2134 1616 2198 superbiora
1654 2150 1811 2198 opera·
1840 2134 1991 2183 debu-

180 2217 307 2265 isset
330 2217 626 2277 condidisse,
651 2219 707 2267 ut
732 2221 780 2267 et
804 2218 925 2267 deus
952 2234 1007 2267 ex
1039 2218 1270 2283 operibus
1303 2221 1686 2284 cognosceretur
1716 2219 1990 2268 secundum

182 2303 448 2351 creatorem
490 2304 538 2351 et
577 2318 631 2352 ex
670 2303 1039 2353 honestioribus
1078 2303 1242 2368 potior
1280 2307 1328 2354 et
1366 2304 1651 2369 generosior
1687 2307 1920 2353 creatore.

257 2387 336 2436 12.
378 2387 610 2437 Ceterum
649 2391 698 2438 et
729 2389 771 2437 si
810 2404 917 2438 esse
958 2404 1069 2438 eum
1108 2404 1373 2452 possemus
1414 2389 1653 2449 confiteri,
1693 2390 1800 2439 sine
1840 2404 1991 2438 causa

183 2486 291 2521 esse
330 2487 444 2521 eum
484 2473 777 2523 deberemus
818 2471 1321 2542 a1·gumenta1·i.{sine
1363 2490 1512 2524 causa
1557 2475 1684 2524 enim
1732 2478 1867 2524 esset
1905 2474 1990 2538 qui
2023 2469 2058 2520 O

183 2572 284 2605 rem
332 2573 426 2607 non
474 2559 693 2618 haberet,
741 2560 855 2622 quia
899 2575 976 2609 res
1026 2560 1184 2610 omnis
1231 2574 1380 2609 causa
1425 2563 1518 2618 est,
1571 2562 1629 2609 ut
1674 2560 1740 2609 sit
1789 2560 1987 2624 aliquiS,

186 2643 328 2692 cuius
366 2659 443 2692 res
484 2644 561 2693 sit.
600 2659 743 2708 porro
775 2645 823 2693 in
858 2649 1096 2708 quantum
1137 2645 1258 2695 nihil
1300 2647 1496 2709 oportet
1529 2661 1637 2695 esse
1678 2646 1781 2694 sine
1822 2661 1987 2705 causa,

187 2725 258 2793 [id
305 2732 382 2778 est
427 2729 530 2778 sine
576 2728 644 2796 re]
692 2730 806 2794 quia
852 2731 894 2779 si
933 2731 1037 2780 sine
1078 2746 1228 2780 causa
1267 2731 1346 2791 sit,
1386 2731 1590 2794 proinde
1638 2734 1714 2781 est
1759 2733 1907 2795 atque
1948 2731 1989 2780 si

328 2853 396 2908 12]
431 2853 481 2895 cf.
516 2855 643 2895 Dent.
674 2856 739 2904 21,
772 2857 834 2897 23.
873 2855 965 2897 Gai.
997 2857 1035 2909 3,
1071 2857 1133 2899 13.
1225 2857 1289 2911 17]
1325 2857 1374 2898 cf.
1406 2856 1477 2899 Es.
1509 2858 1575 2910 45,
1608 2858 1674 2898 22.
1708 2857 1773 2899 23.

241 2952 267 2993 9
304 2952 413 2993 nihil
450 2953 560 2993 enim
592 2953 645 3006 R,
685 2955 794 2995 enim
832 2954 940 2995 nihil
976 2954 1034 2995 M
1144 2956 1214 3008 qui
1254 2969 1353 3008 ergo
1391 2956 1570 3008 scripsi:
1611 2955 1713 3009 quid
1752 2968 1852 3008 ergo
1891 2955 1988 2996 MR

190 3022 239 3064 1¹0
269 3023 467 3064 notitiam
489 3024 577 3064 *sui
600 3024 658 3064 M
684 3025 766 3074 (sui
788 3025 837 3065 in
858 3029 964 3075 ras.)
1058 3025 1104 3065 11
1132 3026 1418 3078 parenthesin
1445 3025 1648 3067 indicaui
1730 3026 1779 3066 13
1811 3038 1988 3078 suspen-

187 3107 269 3136 sus.
309 3096 467 3147 quanto
504 3095 634 3148 uu190
744 3096 795 3136 14
832 3097 1171 3149 praestruxisset.
1210 3097 1389 3137 maxime
1434 3097 1564 3150 uulqo
1680 3095 1731 3136 21
1773 3096 1892 3136 nulla
1928 3094 1988 3136 R²

188 3164 240 3205 22
280 3167 323 3206 et
356 3164 474 3215 RssF,
511 3171 558 3205 ut
595 3165 710 3207 MR¹
798 3166 850 3207 29
888 3166 933 3207 id
971 3170 1036 3208 est
1072 3167 1161 3208 sine
1200 3181 1243 3207 re
1280 3168 1456 3209 seclusi:
1491 3167 1804 3220 interpolatum
1841 3171 1901 3208 est
1938 3179 1989 3208 ex

189 3239 295 3279 306.
325 3239 363 3286 4,
387 3237 464 3277 ubi
494 3237 594 3277 bene
622 3250 665 3277 se
694 3238 832 3290 habet,
863 3238 969 3291 quia
998 3238 1092 3278 illie
1123 3237 1336 3279 antecedit
1367 3238 1482 3285 deus,
1514 3238 1615 3292 Eny
1643 3244 1730 3290 pro
1760 3238 1868 3278 nihil
1898 3237 1986 3290 (28)

187 3305 501 3348 rescribendum
522 3312 657 3360 putat
685 3320 808 3349 nemo
924 3307 1100 3362 proinde
1132 3308 1239 3358 MF,
1271 3308 1447 3363 perinde
1477 3308 1667 3361 Ruulyo

229 3407 439 3438 xxxxvn.
462 3395 555 3438 ''rei-t.
579 3407 646 3439 111.
1877 3392 1930 3433 20
