2248 3646
161 246 262 295 142
533 241 723 293 Quinti
759 240 986 295 Septimi
1019 241 1295 283 Florentis
1329 241 1652 283 Tertulliani

160 417 214 452 ex
254 401 430 463 nihilo,
472 400 515 450 si
556 399 751 465 aliquid
793 415 849 449 ex
889 399 1081 450 nihilo‘?
1135 399 1232 450 nisi
1274 399 1317 450 si
1357 400 1675 452 insufficiens
1716 401 1815 452 fuit
1857 401 2032 452 diuina

157 489 324 540 uirtus
367 488 606 538 omnibus
647 487 1006 553 producendi-S,
1049 503 1175 553 quae
1217 487 1413 552 aliquid
1452 489 1725 554 protulerit
1765 505 1820 539 ex
1853 489 2030 540 nihilo.

159 578 248 626 aut
288 576 330 625 si
373 591 430 626 ex
469 574 684 624 materia
724 574 860 624 mala
890 574 1081 625 bonum
1124 575 1393 640 processit,
1436 575 1556 640 quia
1585 592 1748 641 neque
1782 592 1840 626 ex
1871 576 2030 627 nihilo

157 678 320 728 neque
355 678 413 714 ex
447 662 556 722 deo,
600 664 862 727 sequetur,
895 664 955 712 ut
988 678 1045 712 ex
1079 662 1411 713 Conuersione
1443 664 1752 728 processerit
1789 664 2033 714 materiae

159 753 336 801 contra
377 750 682 816 denegatam
730 749 920 799 aeterni
969 750 1374 801 conuersionem.
1421 750 1494 801 ita
1530 751 1802 802 undeunde
1843 752 2033 802 bonum
2087 768 2106 798 5

158 839 414 901 constitit,
447 838 548 888 iarn
583 837 793 904 negabit
817 838 1176 904 Hermogenes
1203 837 1320 887 inde
1353 838 1484 888 illud
1518 841 1752 889 constare
1783 839 2033 905 potuisse.

157 943 368 979 necesse
425 930 504 978 est
559 929 732 977 autern
789 942 845 976 ex
900 926 1072 991 aliquo
1130 941 1306 976 eorum
1353 926 1677 991 processerit,
1737 943 1793 977 ex
1848 927 2035 993 quibus

161 1015 371 1082 negauit
418 1014 692 1082 procedere
739 1014 992 1079 potuisse.
1051 1016 1280 1065 ceterum
1330 1014 1373 1065 si
1419 1014 1534 1065 ideo
1590 1015 1784 1066 malum
1831 1031 1929 1066 non
1980 1031 2035 1065 ex

159 1104 338 1165 nihilo,
381 1119 442 1154 ne
484 1103 565 1154 dei
596 1103 701 1164 fiat,
745 1102 804 1152 de
847 1103 994 1153 cuius
1037 1102 1246 1153 arbitrio
1287 1102 1551 1153 uidebitur
1589 1103 1801 1165 factum,
1850 1103 1940 1154 sed
1979 1119 2038 1154 ex

159 1191 389 1251 materia,
432 1193 491 1242 ut
528 1191 694 1257 ipsius
736 1190 819 1248 sit,
857 1191 915 1241 de
958 1189 1105 1241 cuius
1149 1190 1442 1241 substantia
1483 1191 1577 1241 erit
1609 1191 1819 1254 facturn,
1853 1193 1904 1242 et
1936 1192 2036 1251 hic,

160 1282 218 1329 ut
259 1279 376 1342 dixi,
418 1282 596 1329 auctor
636 1279 758 1329 mali
798 1279 1074 1332 habebitur
1114 1278 1257 1341 deus,
1307 1279 1411 1344 qui,
1460 1295 1577 1329 cum
1626 1279 1804 1330 eadem
1845 1280 2037 1330 uirtute

158 1370 212 1418 et
251 1368 520 1418 uoluntate
562 1366 828 1417 debuisset
877 1367 1049 1417 omnia
1093 1367 1226 1417 bona
1267 1383 1323 1417 ex
1369 1368 1584 1418 materia
1630 1368 1910 1434 protulisse
1950 1370 2040 1418 aut

155 1458 364 1506 tantum
397 1455 545 1517 bona,
588 1471 686 1506 non
723 1455 892 1506 omnia
923 1457 1091 1505 tamen
1125 1455 1260 1505 bona
1298 1455 1514 1521 protulit
1554 1455 1645 1507 sed
1690 1455 1846 1506 etiam
1885 1455 2037 1514 mala,

160 1544 341 1609 utique
398 1546 485 1593 aut
538 1543 719 1593 uolens
776 1559 888 1594 esse
941 1542 1090 1604 mala,
1135 1543 1178 1594 si
1224 1546 1428 1608 poterat
1474 1543 1692 1606 efficere,
1741 1560 1801 1594 ne
1850 1545 2036 1594 essent.

163 1634 252 1681 aut
284 1647 382 1682 non
417 1632 595 1681 ualens
631 1630 831 1681 efficere
861 1631 1031 1681 omnia
1069 1631 1218 1693 bona,
1262 1632 1305 1682 si
1345 1632 1516 1683 uoluit
1556 1634 1607 1683 et
1646 1649 1743 1683 non
1781 1632 1922 1695 fecit,
1963 1652 2038 1686 ›eat-

163 1719 285 1769 dum
325 1719 455 1768 nihil
493 1718 699 1770 intersit
735 1734 827 1783 per
864 1718 1218 1769 infirmitatem
1260 1719 1498 1770 dominus
1539 1722 1719 1771 auctor
1757 1720 1880 1771 mali
1919 1722 2040 1772 exti-

161 1807 285 1857 terit
334 1823 394 1857 an
445 1823 535 1872 per
581 1807 923 1857 uoluntatem.
974 1810 1062 1857 aut
1109 1823 1238 1873 quae
1285 1808 1385 1857 fuit
1430 1807 1576 1869 ratio,
1632 1810 1690 1858 ut
1738 1823 1854 1859 cum
1908 1809 2041 1860 bona

162 1895 374 1946 fecisset
407 1895 554 1960 quasi
587 1895 771 1956 11011113,
814 1895 968 1945 etiam
1003 1895 1139 1945 mala
1169 1895 1476 1960 protulisset
1516 1896 1664 1962 quasi
1702 1912 1801 1947 non
1841 1897 2039 1948 bonus?

163 1999 253 2033 cur
306 1998 406 2033 non
463 1983 800 2049 congruentia
854 1982 954 2032 sibi
1011 1983 1338 2035 solummodo
1395 1983 1590 2035 edidit?
1654 1984 1776 2050 quid
1830 2000 2040 2035 necesse

163 2073 270 2120 erat
302 2086 396 2122 suo
432 2087 583 2136 opere
615 2070 816 2136 prolato
852 2070 1007 2121 etiam
1040 2071 1286 2122 materiae
1320 2072 1589 2139 negotium
1623 2088 1797 2123 curare
1829 2072 2039 2138 proinde

163 2161 214 2209 et
284 2159 476 2209 malum
548 2157 890 2225 proferendo?
962 2159 1104 2209 solus
1174 2161 1235 2210 ut
1295 2162 1692 2226 cognosceretur
1754 2161 1917 2212 bonus
1981 2160 2041 2210 de

159 2247 313 2298 bon0.
363 2246 580 2297 materia
635 2248 810 2297 autem
858 2262 919 2296 ne
969 2249 1368 2313 cognosceretur
1414 2248 1550 2298 mala
1596 2247 1657 2299 de
1704 2249 1874 2300 malo?
1922 2249 2040 2315 plus

163 2335 355 2385 bonum
383 2334 645 2386 floruisset
677 2335 784 2385 sine
812 2335 933 2385 mali
961 2335 1154 2386 affiatu,
1189 2351 1306 2386 nam
1333 2338 1384 2387 et
1406 2336 1759 2403 Hermogenes
1786 2339 2044 2404 expugnat

165 2422 485 2488 quorundam
528 2423 1019 2489 argumentationeS‚
1063 2423 1345 2474 dicentium
1386 2424 1520 2475 mala
1553 2425 1843 2475 necessaria
1880 2424 2043 2475 fuisse

165 2511 227 2561 ad
288 2511 734 2562 inluminationem
797 2511 1048 2563 bonorum
1112 2528 1167 2563 ex
1231 2513 1497 2563 contrariis
1558 2512 2040 2579 intellegendorum.

166 2615 284 2667 ergo
342 2602 430 2649 aut
484 2615 575 2650 nec
638 2602 909 2665 propterea
962 2600 1109 2651 locus
1166 2600 1288 2651 mali
1342 2600 1652 2667 proferendi
1685 2600 1798 2662 fuit,
1856 2603 1946 2650 aut
1998 2600 2043 2650 si

165 2702 265 2751 qua
305 2687 404 2737 alia
435 2687 565 2738 ratio
601 2687 769 2754 exegit
799 2687 932 2737 illud
962 2687 1154 2750 induci,
1196 2704 1287 2739 cur
1318 2704 1416 2739 non
1452 2691 1503 2739 et
1535 2705 1593 2739 ex
1625 2688 1783 2739 nihilo
1817 2688 2044 2755 potuerit

224 2944 249 2985 2
296 2944 541 2998 protulerat
578 2944 692 2998 fort.
782 2945 810 2986 4
850 2945 1050 2999 sequitur
1087 2945 1136 2986 F
1221 2946 1246 2987 5
1287 2944 1548 3001 denegatam
1579 2944 1655 2999 13³,
1697 2945 1917 3001 denegant
1954 2946 2041 2987 iam

164 3014 367 3058 ΡΝΙΓΕ1
499 3015 732 3058 undeunde
783 3016 1013 3059 Oehlerus:
1064 3017 1179 3059 unde
1226 3017 1366 3059 PNF
1451 3018 1489 3060 v6
1543 3017 1645 3060 inde
1699 3031 1781 3061 om.
1833 3018 2043 3061 Oehlerus

169 3088 221 3130 12
260 3089 377 3130 bona
415 3102 496 3133 om.
536 3089 580 3130 P
671 3090 723 3132 13
756 3090 944 3145 protulit
983 3091 1059 3132 sed
1102 3090 1329 3133 Oehlerus:
1372 3091 1633 3147 protulisset
1670 3091 1811 3133 PNF
1897 3092 1950 3134 14
1986 3105 2040 3133 ne

165 3164 316 3204 essent
346 3161 467 3211 12³1&
501 3175 680 3204 necesse
714 3167 781 3205 est
811 3162 968 3206 ΡΝΙίι
1060 3165 1113 3207 15
1154 3164 1369 3206 lacunam
1405 3165 1604 3220 se‘qnaui:
1648 3165 1837 3219 turpiter
1874 3167 2041 3210 utrum-

168 3247 251 3289 que
297 3234 370 3276 uel
414 3235 557 3277 simile
597 3235 777 3289 aliquid
815 3236 1099 3279 desideratur
1191 3237 1242 3279 18
1291 3237 1415 3291 quasi
1453 3237 1556 3288 ΡΝ,
1607 3251 1694 3292 qua
1732 3237 1781 3279 F
1868 3238 1920 3280 19
1969 3251 2043 3280 cur

165 3307 344 3361 scripsi:
395 3320 490 3349 cum
522 3307 666 3350 PNF
780 3323 867 3350 non
915 3310 1204 3364 congruentia
1250 3309 1344 3351 ΡΝ
1386 3323 1472 3352 non
1519 3311 1725 3366 gruentia
1761 3310 1811 3352 F
1894 3311 1946 3353 21
1990 3311 2040 3352 de

165 3380 281 3421 bona
320 3379 368 3422 F
497 3381 551 3422 22
599 3395 652 3423 ne
693 3381 793 3436 ΡΝ,
843 3395 921 3424 nec
969 3397 1018 3424 eo
1059 3383 1107 3424 F
1251 3383 1398 3425 malo?
1447 3384 1544 3438 plus
1592 3384 1718 3437 Eny:
1764 3384 1894 3426 malo.
1943 3384 2041 3439 plus

162 3452 301 3506 -uulqo

2071 1210 2110 1240 10

2073 1648 2111 1678 15

2071 2086 2113 2120 20

2073 2527 2114 2559 25
