2248 3646
107 1214 148 1245 10

103 1639 141 1668 15

101 2065 143 2095 20

102 2489 142 2520 25

549 277 639 320 VlI.
672 277 937 319 Aduersus
968 254 1281 319 Marcionem
1312 276 1386 317 lib.
1419 276 1454 316 V
1486 277 1609 317 3-4,
1890 280 1990 328 579

180 435 387 495 adhuc,
447 433 625 497 inquit,
689 432 1013 482 secundum
1074 431 1365 482 hominem
1430 431 1586 481 dico:
1648 430 1779 481 dum
1840 447 1990 481 esse-

178 534 304 569 mus
364 518 620 583 paruuli,
691 518 798 567 sub
860 516 1176 566 elementis
1236 516 1437 565 mundi
1506 531 1736 566 eramus
1802 518 1986 580 positi

179 603 247 654 ad
280 602 730 653 deseruiendum
764 602 871 651 eis,
913 601 1084 664 atquin
1116 616 1210 650 non
1237 603 1313 649 est
1337 601 1429 649 hoc
1461 601 1752 651 humanitus
1778 601 1986 652 dictum.

178 704 274 738 non
314 688 443 738 enim
483 687 764 751 exemplum
805 689 896 746 est,
944 685 1031 735 sed
1069 686 1271 735 ueritas.
1319 686 1431 749 quis
1472 686 1603 735 enim
1642 688 1883 751 paruulus
1922 718 1989 723 —-

177 775 354 838 utique
393 788 560 834 senSU,
600 772 727 836 quod
772 775 888 822 sunt
923 772 1148 821 nationes
1188 801 1255 806 --
1293 786 1387 821 11011
1428 772 1690 822 elementis
1731 773 1992 824 subiectus

177 861 255 909 est
305 858 494 919 mundi,
553 872 679 922 quae
725 871 810 921 pro
861 856 950 907 deo
998 856 1244 919 suspicit?
1297 855 1424 905 illud
1470 860 1637 906 autem
1690 857 1802 918 suit,
1857 859 1989 923 quod

175 947 284 993 tum
303 943 578 993 secundum
596 928 849 992 hominem
869 941 1012 990 dixit:
1034 941 1136 991 sed
1161 943 1353 990 tamen
1372 944 1797 992 testamentum
1815 942 1989 993 homi-

176 1028 266 1078 nis
297 1043 462 1078 nemo
497 1027 728 1093 spernit
759 1029 861 1077 aut
893 1026 1328 1091 superordinat.
1370 1027 1591 1091 exemplo
1625 1028 1755 1077 enim
1785 1027 1990 1078 humani

174 1113 466 1163 testamenti
509 1111 842 1177 permanentis
891 1112 1118 1162 diuinum
1162 1112 1422 1162 tuebatur:
1474 1112 1739 1161 Abrahae
1795 1113 1990 1163 dictae

178 1199 315 1247 sunt
338 1197 770 1262 promissiones
798 1200 854 1247 et
878 1197 1090 1247 semini
1117 1197 1264 1246 eius,
1289 1212 1396 1246 11011
1425 1197 1572 1246 dixit
1605 1197 1986 1258 ‘seminibus',

177 1283 350 1346 quasi
403 1282 696 1346 pluribuS,
758 1282 859 1331 sed
913 1281 1156 1331 ‘semini'
1209 1283 1504 1345 tamquam
1551 1282 1665 1341 uni,
1706 1282 1859 1345 quod
1897 1286 1989 1333 est

177 1367 471 1418 Christus.
520 1367 781 1417 erubescat
821 1367 1033 1432 spongia
1070 1366 1363 1417 Marcionis!
1419 1366 1515 1416 nisi
1561 1367 1694 1430 quod
1740 1383 1795 1417 ex
1840 1368 1989 1417 abun-

176 1452 312 1501 danti
358 1455 572 1502 retracto
620 1468 745 1516 quae
793 1453 1018 1512 abstulit,
1075 1468 1186 1502 cum
1232 1452 1454 1502 ualidius
1501 1452 1568 1501 sit
1610 1453 1755 1502 illum
1802 1468 1857 1502 ex
1910 1453 1989 1502 his

174 1538 380 1598 reuinci,
416 1553 539 1602 quae
566 1538 809 1587 seruauit.
849 1553 975 1588 cum
1009 1540 1202 1588 autem
1236 1537 1437 1587 euenit
1467 1538 1705 1603 impleri
1737 1541 1989 1602 tempuS,

165 1623 342 1672 misit
395 1623 538 1673 deus
592 1623 791 1673 filium
845 1638 1029 1684 suum,
1083 1623 1258 1686 utique
1311 1623 1371 1683 is,
1428 1623 1511 1686 qui
1566 1623 1715 1672 etiam
1762 1623 1987 1687 ipsorum

171 1711 455 1772 temporum
481 1708 718 1768 deusest,
753 1707 934 1771 quibus
961 1708 1219 1759 saeculum
1253 1711 1464 1767 constat,
1498 1709 1583 1771 qui
1616 1708 1758 1773 signa
1789 1724 1988 1773 quoque

171 1796 455 1856 temporum
503 1793 769 1852 ordinauit,
824 1793 956 1843 soles
1004 1796 1054 1842 et
1096 1793 1240 1842 lunas
1281 1795 1331 1842 et
1368 1793 1531 1842 sidera
1570 1795 1619 1842 et
1657 1793 1847 1854 stellas,
1902 1795 1987 1858 qui

173 1877 265 1928 filii
317 1877 530 1943 denique
584 1878 663 1927 sui
714 1878 1073 1928 reuelationem
1119 1879 1167 1927 in
1216 1879 1580 1928 extremitatem
1617 1882 1900 1943 temporum
1941 1884 1989 1929 et

175 1962 427 2028 disposuit
466 1966 514 2013 et
551 1963 882 2029 praedicauit:
925 1964 980 2013 in
1020 1964 1374 2014 nouissimis
1416 1963 1624 2014 diebus
1665 1965 1778 2014 erit
1814 1965 1989 2014 mani-

176 2048 373 2099 festus
427 2064 590 2098 mons
639 2048 877 2109 domini,
933 2053 1003 2099 et:
1057 2050 1113 2098 in
1153 2049 1510 2098 nouissimis
1552 2050 1764 2099 diebus
1805 2049 1988 2099 effun-

175 2134 300 2183 dam
334 2134 399 2184 de
430 2149 557 2184 meo
591 2134 814 2198 spiritu
839 2135 895 2183 in
923 2150 1146 2184 omnem
1171 2150 1415 2194 carnem,
1449 2134 1727 2184 secundum
1749 2135 1988 2184 Iohelem.

171 2218 331 2282 ipsius
373 2222 476 2269 erat
515 2219 819 2270 sustinuisse
858 2221 1058 2283 tempus
1098 2220 1311 2284 impleri,
1361 2219 1503 2269 cuius
1545 2222 1649 2269 erat
1687 2219 1836 2269 etiam
1875 2219 1988 2269 finis

171 2304 412 2367 temporis
453 2304 586 2353 sicut
623 2304 838 2354 initium.
878 2307 1099 2353 ceterum
1140 2303 1262 2353 deus
1300 2304 1386 2353 ille
1427 2304 1619 2353 otiosus
1659 2319 1746 2353 1160
1779 2304 1988 2367 operati-

174 2389 282 2439 onis
321 2404 410 2439 neo
449 2389 836 2454 praedicationis
875 2389 1029 2438 ullius
1071 2391 1220 2453 atque
1257 2389 1328 2438 ita
1364 2403 1453 2438 nec
1484 2390 1722 2453 temporis
1755 2389 1985 2449 alicuiUS,

174 2474 294 2538 quid
319 2474 518 2524 omnino
546 2474 665 2539 egit,
698 2474 832 2538 quod
864 2473 1084 2524 efficeret
1113 2476 1313 2537 tempus
1345 2474 1542 2538 impleri
1575 2476 1624 2523 et
1654 2474 1753 2522 iam
1779 2475 1994 2539 implen—

171 2558 287 2608 dum
330 2559 600 2609 sustineri?
639 2559 682 2608 si
719 2559 861 2620 nihil,
901 2559 1024 2609 satis
1057 2573 1243 2608 uanum
1276 2561 1367 2619 est,
1407 2561 1464 2608 ut
1496 2559 1730 2608 creatoris
1761 2561 1988 2622 tempora

315 2726 356 2779 1]
391 2725 483 2767 Gal.
514 2726 555 2775 3,
588 2727 660 2776 15;
692 2726 732 2777 4,
763 2726 801 2766 3.
900 2726 941 2779 7]
977 2724 1068 2767 Gal.
1102 2726 1140 2777 3,
1176 2726 1240 2766 15.
1345 2726 1387 2779 9]
1423 2724 1515 2766 Gal.
1548 2726 1587 2777 3,
1623 2726 1686 2767 16.
1792 2725 1857 2778 14]
1891 2724 1982 2774 Gal.

170 2799 211 2849 4,
240 2798 279 2838 4.
372 2798 440 2851 19]
470 2796 542 2838 Es.
576 2797 613 2847 2,
646 2798 685 2837 2.
772 2797 846 2850 20]
877 2797 968 2838 Ioel
997 2798 1036 2847 3,
1072 2799 1109 2840 1.

230 2897 253 2947 1,
282 2900 526 2937 remouerat
553 2896 738 2949 sponyia
765 2895 1013 2936 Marcionis
1043 2895 1177 2936 uerba
1207 2895 1397 2947 apostoli
1424 2895 1527 2935 inde
1558 2908 1586 2935 a
1616 2895 1729 2948 ὅμως
1761 2893 1983 2947 ἀνθρώπου

170 2982 207 3008 κ.
239 2982 274 3008 τ.
304 2965 339 3008 λ.
373 2969 422 3019 (c.
451 2969 490 3015 3,
516 2968 590 3018 15)
621 2979 756 3019 usque
787 2966 849 3007 ad
878 2979 930 3007 ea
967 2979 1078 3018 quae
1109 2967 1309 3019 leyuntur
1332 2978 1364 3006 c.
1400 2969 1440 3015 4,
1468 2969 1516 3006 3.·
1546 2966 1613 3005 ὅτε
1643 2961 1748 3020 ἦμεν
1779 2962 1915 3019 νήπιοι
1945 2979 1982 3003 γ..

170 3053 206 3079 τ.
242 3036 280 3078 λ.
318 3036 396 3079 hoc
431 3050 535 3079 uero
571 3037 697 3078 modo
737 3037 944 3091 coniunyi
971 3037 1109 3078 uerba
1146 3037 1346 3089 apostoli,
1377 3050 1490 3090 quae
1519 3036 1725 3088 coniunyi
1752 3039 1982 3086 nequeant,

171 3109 221 3150 in
249 3108 523 3161 sequentibus
551 3109 803 3161 comprobat
832 3112 987 3149 auctor
1051 3109 1076 3149 6
1107 3108 1287 3161 suspicit
1308 3107 1408 3160 Eny
1437 3107 1509 3161 (cf.
1540 3110 1644 3158 580,
1676 3108 1771 3156 19):
1803 3105 1985 3158 suscipit

171 3178 270 3221 MR
384 3178 468 3220 suit
496 3179 563 3233 M,
594 3179 700 3221 facit
728 3180 771 3221 R
859 3180 881 3219 7
914 3183 1003 3219 tum
1033 3179 1211 3231 scripsi:
1245 3191 1336 3218 cum
1368 3177 1465 3219 MR
1566 3176 1674 3217 dixit
1703 3175 1778 3217 sed
1806 3175 1989 3227 scripsi:

171 3249 351 3290 dixisset
380 3249 475 3291 MR
537 3249 588 3290 10
611 3251 712 3290 sunt
741 3261 820 3289 om.
851 3248 912 3290 R¹
974 3249 1021 3290 11
1057 3251 1122 3290 est
1153 3248 1348 3290 Christus
1371 3248 1439 3301 M,
1471 3246 1665 3290 Christus
1697 3249 1764 3288 est
1792 3246 1985 3298 Ruulyo

171 3320 223 3361 21
257 3333 350 3361 meo
382 3320 535 3374 spiritu
559 3320 625 3372 M,
657 3319 809 3373 spiritu
840 3332 933 3360 meo
964 3318 1153 3372 Ruulyo
1240 3318 1294 3359 23
1324 3318 1493 3359 initium
1525 3318 1574 3359 in
1604 3318 1666 3359 lit.
1691 3317 1748 3357 M
1823 3316 1876 3357 25
1908 3318 1984 3356 aut

171 3391 257 3432 iam
286 3390 377 3431 Lat

1846 3469 1924 3510 37*
