2248 3646
204 216 308 265 366
575 211 763 262 Quinti
797 210 1024 265 Septimi
1054 209 1330 252 Florentis
1363 209 1693 250 Tertulliani

202 386 364 421 nonne
414 385 747 434 consequens,
789 371 849 418 ut
886 384 969 418 rex
1008 367 1096 418 ille
1146 367 1231 418 uel
1279 367 1423 417 diues
1473 368 1742 418 exclamet:
1792 384 1890 434 quo
1939 370 2063 420 mihi

201 457 587 508 multitudinem
670 471 938 506 munerum
1016 457 1257 506 tuorum?
1322 471 1438 505 veae-a
1507 455 1744 520 plenus
1817 472 1951 506 sum
2013 459 2064 507 et

203 546 711 597 sollemnitates
777 546 837 594 et
900 543 1038 594 dies
1102 543 1312 594 festos
1377 545 1440 593 et
1499 546 1727 594 uestra
1788 544 2064 594 sabbata

202 634 430 696 dicende,
482 648 610 698 quae
652 632 931 682 secundum
970 631 1240 681 libidinem
1280 646 1442 691 suam,
1491 647 1586 682 non
1627 631 1907 682 secundum
1947 633 2061 683 reli-

200 722 403 789 gionem
451 721 531 772 dei
579 719 880 771 celebrando
931 735 1024 770 sua
1070 720 1190 781 iam,
1246 735 1344 773 non
1395 719 1474 769 dei
1520 719 1759 770 fecerant.
1809 720 2061 771 condicio-

199 810 365 860 nalem
396 809 586 860 idcirco
621 811 671 858 et
704 807 1003 857 rationalem
1037 806 1414 858 demonstrauit
1452 808 1828 858 recusationem
1869 823 2061 860 60111111.

200 913 328 963 quae
369 896 774 947 administranda
812 895 1228 960 praescripserat.

269 987 353 1036 23.
396 984 450 1036 Si
483 1000 603 1035 uero
640 984 793 1034 etiam
828 983 962 1034 circa
993 998 1236 1047 personas
1271 985 1360 1033 aut
1398 982 1568 1033 leuem
1609 983 1770 1033 uultis
1809 983 2061 1050 intellegi,

199 1090 315 1125 cum
340 1073 580 1138 reprobat
612 1071 886 1137 aliquando
922 1071 1181 1138 probatos,
1215 1074 1304 1121 aut
1333 1070 1700 1137 improuidum,
1734 1086 1849 1121 cum
1882 1072 2064 1136 probat

197 1161 501 1229 quandoque
525 1159 886 1225 reprobandOS,
921 1163 1068 1225 quasi
1087 1159 1283 1209 iudicia
1307 1175 1398 1210 sua
1430 1161 1519 1209 aut
1552 1158 1757 1209 damnet
1788 1160 2062 1224 praeterita,

197 1254 286 1302 aut
315 1251 516 1318 ignoret
548 1250 737 1310 futura,
765 1249 941 1313 atquin
968 1248 1095 1298 nihil
1127 1250 1233 1298 tam
1259 1248 1360 1314 <et>
1392 1248 1522 1298 bono
1558 1250 1608 1297 et
1639 1247 1798 1298 iudici
1824 1248 2063 1298 conuenit

196 1356 347 1406 quam
380 1355 468 1405 pro
502 1337 858 1403 praesentibus
890 1337 1088 1388 meritis
1123 1339 1174 1386 et
1202 1336 1391 1387 reicere
1425 1338 1476 1387 et
1514 1336 1762 1401 adlegere.
1806 1335 2062 1402 adlegitur

196 1427 334 1489 Saul,
399 1427 488 1478 sed
548 1426 772 1477 nondum
835 1425 1107 1491 despector
1155 1425 1447 1491 prophetae
1505 1423 1777 1483 Samuelis
1855 1424 2063 1475 reicitur

196 1516 453 1577 Salomon,
510 1514 600 1565 sed
653 1516 755 1564 iam
803 1529 831 1564 a
876 1514 1180 1565 mulieribus
1236 1513 1415 1564 alienis
1471 1528 1745 1579 possessus
1801 1514 1851 1562 et
1905 1512 2058 1563 idolis

191 1604 538 1656 Moabitarum
587 1605 638 1654 et
678 1602 1005 1661 Sidoniorum
1053 1603 1390 1669 mancipatus.
1438 1602 1560 1668 quid
1605 1602 1793 1652 faceret
1843 1603 2053 1661 creator,

193 1709 255 1744 ne
297 1710 324 1743 a
362 1692 683 1743 Marcionitis
730 1691 1218 1759 reprehenderetur?
1266 1691 1398 1741 'bene
1449 1690 1616 1741 adhuc
1664 1691 1873 1756 agentes
1921 1704 2059 1754 prae-

194 1781 457 1831 damnaret
501 1780 603 1830 13111
651 1781 858 1843 propter
903 1779 1078 1829 futura
1125 1777 1350 1829 delicta?
1398 1777 1487 1828 sed
1536 1777 1616 1827 dei
1655 1777 1774 1827 boni
1814 1792 1911 1827 non
1953 1779 2062 1827 erat

194 1868 419 1919 nondum
467 1869 718 1918 merentes
765 1865 1143 1932 praedamnare.
1198 1866 1407 1931 proinde
1460 1867 1729 1932 peccantes
1783 1880 1917 1915 nunc
1962 1881 2059 1916 11011

194 1963 453 2006 recusaret
483 1956 692 2021 propter
720 1954 937 2020 pristina
969 1954 1268 2004 benefacta?
1310 1953 1398 2005 sed
1430 1953 1557 2010 iusti
1587 1952 1774 2003 iudicis
1814 1938 1916 2003 nonv
1954 1953 2061 2002 erat

193 2043 429 2095 rescissis
461 2043 563 2093 iam
597 2042 742 2094 bonis
776 2042 1005 2108 pristinis
1047 2042 1239 2093 scelera
1279 2042 1479 2092 donare.
1519 2044 1609 2092 aut
1640 2041 1753 2106 quis
1793 2040 2056 2091 hominum

195 2132 303 2183 sine
350 2131 556 2193 delicte,
603 2134 663 2181 ut
701 2146 816 2181 eum
859 2130 984 2180 deus
1026 2146 1226 2195 semper
1266 2130 1538 2197 adlegeret,
1589 2144 1739 2195 quem
1779 2143 2059 2193 numquam

193 2222 373 2286 posset
402 2221 673 2270 recusare?
712 2219 797 2269 uel
831 2218 945 2284 quis
979 2218 1100 2269 item
1135 2218 1243 2268 sine
1276 2217 1446 2283 aliquo
1478 2218 1610 2269 bono
1644 2232 1812 2281 opere,
1852 2217 1912 2265 ut
1942 2230 2058 2264 eum

194 2308 319 2359 deus
346 2322 546 2372 semper
567 2309 844 2368 recusaret,
879 2322 1030 2372 quem
1054 2322 1332 2372 numquam
1363 2308 1544 2371 posset
1574 2305 1840 2371 adlegere‘?
1882 2302 2060 2352 exhibe

192 2395 383 2447 bonum
424 2411 640 2461 semper,
683 2396 733 2446 et
771 2409 868 2445 non
908 2394 1254 2456 recusabitur,
1302 2392 1478 2445 exhibe
1516 2393 1711 2444 malum
1752 2406 1968 2458 semper,
2010 2393 2060 2440 et

193 2499 475 2550 numquam
515 2483 796 2550 adlegetur.
837 2485 1063 2533 ceterum
1106 2482 1149 2534 si
1176 2498 1250 2533 sese
1283 2482 1420 2533 idem
1460 2481 1630 2544 hom0,
1669 2484 1727 2531 ut
1759 2480 1807 2530 in
1840 2482 2058 2543 utroque

341 2669 384 2723 1]
419 2668 489 2710 Es.
525 2668 562 2719 1,
595 2668 662 2710 11.
783 2667 828 2721 2]
861 2666 913 2711 cf.
946 2666 1021 2711 Es.
1057 2668 1092 2709 1.
1129 2667 1194 2710 11.
1315 2666 1357 2719 3]
1392 2664 1444 2707 cf.
1477 2664 1550 2707 Es.
1587 2664 1625 2713 1,
1660 2665 1726 2707 13.
1850 2665 1918 2720 12]
1952 2664 2005 2707 cf.
2037 2664 2059 2706 I

193 2742 300 2797 Reg.
334 2743 373 2792 9,
410 2741 475 2783 16.
568 2741 637 2795 13]
672 2740 724 2783 cf.
759 2741 779 2782 I
812 2741 918 2795 Reg.
958 2741 1023 2789 15,
1060 2740 1126 2782 15.
1220 2740 1288 2794 14]
1323 2738 1377 2783 cf.
1410 2738 1431 2780 Ι
1461 2738 1569 2793 Reg.
1606 2738 1674 2791 11,
1710 2739 1745 2780 1.

251 2844 277 2885 2
310 2845 522 2886 lacunam
559 2843 766 2898 siynaui:
807 2842 987 2897 proinde
1025 2843 1166 2897 igitur
1203 2845 1247 2883 et
1286 2841 1390 2884 deus
1424 2841 1574 2896 populi
1604 2841 1671 2882 sui
1704 2840 1849 2882 officia
1885 2843 2060 2883 recusat

191 2918 265 2960 uel
285 2918 454 2959 similia
474 2916 821 2968 interciderunt;
850 2929 1019 2959 necesse
1042 2917 1157 2958 enim
1182 2920 1243 2958 est
1268 2915 1419 2957 dirimi
1450 2915 1693 2968 exemplum
1726 2927 1755 2955 a
1784 2927 1844 2956 re.
1933 2915 1960 2956 4
1993 2913 2058 2955 di-

195 2990 330 3033 cendo
362 2990 485 3032 MR:
511 2990 642 3045 <odit
673 2990 815 3031 anima
846 3004 956 3040 mea,
996 2991 1177 3043 uestra>
1206 2988 1391 3031 dicendo
1422 2989 1539 3030 Pam
1630 2990 1654 3030 5
1689 2987 1947 3030 celebrando
1980 2986 2056 3039 R3,

195 3064 474 3107 celebrabant
506 3062 587 3106 deo
619 3063 739 3106 MR¹
856 3063 1064 3105 fecerant.
1098 3062 1443 3104 condicionalem
1474 3075 1565 3103 van
1588 3060 1665 3102 der
1696 3060 1833 3102 Vliet.-
1863 3060 2060 3103 fecerant

196 3136 541 3180 condicionalem
580 3137 715 3192 uulyo
820 3136 846 3178 8
887 3143 963 3178 aut
1001 3136 1144 3178 leuem
1181 3136 1362 3190 scripsi:
1402 3137 1479 3176 aut
1515 3134 1657 3189 legem
1698 3134 1765 3180 M,
1806 3134 1946 3189 legem
1979 3133 2056 3186 13¹,

192 3211 336 3253 leuem
376 3209 439 3254 R3
454 3211 590 3265 uulgo
742 3210 789 3251 11
835 3212 879 3252 et
916 3210 1031 3252 bono
1071 3223 1163 3252 van
1202 3209 1277 3251 der
1316 3209 1430 3251 Vliet
1463 3209 1536 3262 (cf.
1565 3210 1673 3257 367,
1708 3211 1776 3258 1).·
1809 3207 1926 3249 bono
1957 3207 2058 3250 MR

194 3284 250 3325 23
290 3283 492 3338 adlegere
529 3283 597 3337 M,
638 3283 801 3337 eligere
842 3283 898 3336 R,
939 3283 1112 3338 elegere
1149 3283 1198 3325 F
1340 3283 1395 3324 25
1436 3281 1667 3337 adlegetur
1696 3279 1829 3331 MR&
1868 3280 2057 3334 eligetur

197 3355 258 3399 R3
393 3356 605 3398 lacunam
635 3356 839 3411 siy‘naui:
872 3370 956 3398 non
992 3369 1163 3411 semper
1191 3355 1468 3397 intercidisse
1490 3359 1605 3408 puto
1737 3354 1865 3394 homo
1900 3355 1980 3394 est
2010 3353 2054 3393 in

194 3431 311 3485 Enq,
341 3429 458 3472 nihil
479 3434 654 3484 putans
684 3429 826 3472 deesse

2093 1172 2133 1202 10

2089 1608 2130 1639 15

2088 2049 2131 2081 20

2088 2488 2130 2519 25
