2248 3646
201 248 304 297 410
574 241 764 292 Quinti
796 240 1022 295 Septimi
1053 239 1328 282 Florentis
1360 239 1693 281 Tertulliani

199 403 401 464 sandae,
463 401 653 469 pariter
706 406 970 452 ostensum
1027 402 1106 449 est
1157 398 1295 449 haec.
1341 398 1490 448 illum
1551 396 1774 467 [propter
1832 403 2048 451 mortem

198 486 615 557 consecuturum]
661 489 781 554 post
825 490 1059 548 mortem,
1105 486 1281 552 utique
1321 503 1411 553 per
1448 486 1886 548 resurrectionem,
1935 503 2047 539 con-

198 581 514 630 secuturum.

270 667 353 717 20.
397 663 599 717 Sufficit
636 664 902 729 hucusque
944 662 1003 713 de
1043 663 1122 713 his
1161 662 1363 712 interim
1404 661 1629 712 ordinem
1670 661 1861 713 Christi
1900 662 2047 713 decu-

197 754 433 814 currisse,
476 768 574 817 quo
614 751 734 802 talis
774 751 1034 817 probatus,
1076 749 1293 815 qualiter
1331 749 1737 811 adnuntiabatur,
1777 764 1875 800 non
1915 750 2047 803 alius
2101 770 2120 800 5

194 841 370 892 haberi
418 841 600 891 debeat
646 856 798 905 quam
847 839 934 905 qui
980 838 1100 889 talis
1147 837 1558 900 adnuntiabatur,
1609 832 1668 887 u't
1712 836 1812 887 iam
1853 853 1910 888 ex
1947 837 2047 888 ista

197 929 527 980 consonantia
572 944 742 978 rerum
791 927 902 978 eius
951 929 1001 977 et
1049 926 1414 992 scripturarum
1461 925 1702 976 creatoris
1748 925 1851 975 illis
1893 925 2045 981 etiam

193 1016 513 1068 restituenda
538 1015 606 1066 sit
630 1015 755 1066 fides
782 1030 837 1065 ex
861 1013 1173 1080 praeiudicio
1199 1013 1405 1064 maioris
1429 1013 1606 1079 partis,
1640 1028 1767 1078 quae
1793 1029 1820 1063 a
1845 1012 2046 1064 diuersa

194 1104 448 1155 sententia
471 1105 557 1154 uel
579 1102 630 1153 in
657 1102 867 1153 dubium
902 1101 1224 1154 ‘deducuntur
1254 1102 1339 1152 uel
1368 1104 1629 1168 negantur.
1669 1101 1889 1167 amplius
1914 1116 2046 1151 nunc

194 1192 601 1258 superstruimus
649 1207 707 1242 ea
753 1206 954 1256 quoque
999 1190 1139 1255 paria
1188 1206 1243 1240 ex
1290 1190 1555 1255 seripturis
1601 1188 1860 1251 creatoris,
1916 1204 2042 1251 quae
2074 1203 2114 1235 ιο

191 1283 311 1345 post
336 1278 595 1331 Christum
621 1280 794 1330 futura
824 1278 1260 1345 praecinebantur.
1286 1293 1377 1328 nec
1407 1277 1583 1343 <haec>
1614 1278 1748 1328 enim
1773 1276 2042 1343 dispositio

192 1370 442 1433 expuncta
475 1367 807 1429 inueniretur,
849 1366 892 1418 si
931 1382 1028 1417 non
1068 1365 1156 1417 ille
1196 1360 1439 1427 uenisset,
1479 1367 1598 1432 post
1637 1381 1788 1431 quem
1826 1364 2044 1416 habebat

193 1455 413 1507 euenire.
456 1455 626 1521 aspice
666 1455 933 1505 uniuersas
973 1453 1203 1504 nationes
1246 1453 1305 1503 de
1343 1452 1584 1520 uoragine
1624 1451 1803 1503 erroris
1836 1452 2044 1502 humani

191 1544 367 1595 exinde
415 1546 735 1610 emergentes
784 1542 846 1592 ad
893 1540 1045 1593 deum
1099 1544 1394 1603 creatorem,
1449 1541 1512 1591 ad
1565 1540 1714 1591 deum
1763 1540 2041 1599 Christum,

191 1635 256 1693 et,
310 1632 353 1683 si
401 1630 575 1693 audeS,
631 1646 760 1698 nega
804 1629 1182 1696 prophetatum.
1238 1629 1328 1680 sed
1374 1629 1548 1680 statim
1595 1629 1690 1679 tibi
1734 1629 1784 1679 in
1830 1629 2041 1695 psalmis
2073 1637 2114 1668 1⁵

190 1718 467 1785 promissio
511 1718 670 1784 patris
710 1719 965 1769 occurret:
1005 1716 1200 1768 filius
1240 1732 1417 1767 meus
1460 1732 1522 1767 es
1562 1718 1646 1776 tu,
1696 1731 1809 1782 ego
1851 1716 2041 1771 hodie

192 1807 516 1874 generaui
569 1809 647 1857 te.
702 1806 973 1871 postula
1025 1803 1096 1855 de
1149 1820 1257 1868 me,
1312 1808 1373 1855 et
1426 1803 1585 1854 dabo
1640 1803 1763 1854 tibi
1811 1806 2041 1870 gentes

188 1894 639 1946 hereditatem
701 1897 875 1945 tuam
937 1895 998 1944 et
1057 1892 1549 1959 possessionem
1603 1894 1778 1942 tuam
1830 1891 2043 1942 termi-

188 1999 304 2034 nos
353 1987 586 2036 terrae.
636 1998 728 2034 nec
773 1982 966 2049 poteris
1012 1982 1180 2049 magis
1217 1980 1386 2032 Dauid
1430 1980 1595 2032 filium
1634 1980 1744 2031 eius
1784 1979 2042 2031 uindicare

190 2088 343 2137 quam
385 2070 665 2134 Christum,
715 2074 804 2123 aut
840 2070 1087 2122 terminos
1125 2073 1286 2121 terrae
1326 2068 1495 2120 Dauid
1532 2069 1705 2136 potius
1744 2069 2042 2135 promissos
2076 2076 2117 2107 20

192 2159 279 2225 qui
325 2159 457 2210 intra
495 2162 699 2210 unicam
741 2158 1047 2210 Iudaeorum
1086 2159 1293 2225 gentem
1332 2157 1583 2224 regnauit,
1631 2161 1779 2222 quam
1822 2156 2043 2217 Christo,

189 2247 277 2312 qui
321 2250 500 2298 ‚totum
554 2247 657 2298 iam
713 2247 884 2298 orbem
939 2245 1191 2313 euangelii
1245 2245 1325 2297 sui
1378 2244 1475 2297 fide
1529 2244 1677 2310 cepit.
1734 2244 1807 2295 sic
1861 2246 1911 2294 et
1956 2260 2045 2309 per

189 2335 419 2386 Esaiam:
477 2351 622 2387 ecce
671 2335 819 2386 dedi
865 2337 927 2386 te
973 2334 1034 2385 in
1083 2333 1594 2400 dispositionem
1648 2333 1928 2400 generis,
1981 2332 2042 2382 in

186 2423 405 2474 lucem
460 2424 815 2486 nationum,
871 2422 1117 2489 aperire
1172 2422 1398 2473 oculos
1455 2436 1807 2484 cae-eorum,
1865 2421 2042 2486 utique

189 2510 484 2573 errantium,
540 2511 886 2562 exsoluere
941 2511 1011 2561 de
1065 2510 1360 2561 uinculis
1415 2509 1699 2568 uinctOS,
1754 2508 1805 2559 id
1854 2500 1933 2560 es't
1980 2507 2039 2557 de
2073 2519 2116 2549 25

188 2597 391 2649 delictis
429 2597 660 2659 liberare,
709 2601 776 2649 et
828 2598 899 2648 de
939 2597 1111 2648 cella
1151 2597 1454 2660 carceris,
1501 2596 1554 2647 id
1594 2599 1673 2647 est
1710 2595 1906 2658 mortis»,
1955 2610 2041 2647 se-

188 2685 418 2736 dentes
457 2686 519 2736 in
560 2686 871 2748 tenebriS,
918 2685 1233 2753 ignorantiae
1273 2685 1483 2736 scilicet.
1527 2700 1652 2751 quae
1694 2684 1737 2735 si
1775 2700 1864 2751 per
1903 2684 2041 2737 Chri-

332 2829 519 2883 4—411,
551 2830 595 2884 2]
630 2828 684 2874 cf.
717 2828 815 2871 adu.
846 2828 1030 2870 Iudaeos
1064 2842 1097 2871 c.
1133 2828 1182 2870 11
1217 2830 1321 2871 extr.
1356 2830 1399 2870 et
1431 2841 1465 2869 c.
1501 2828 1565 2870 12.
1659 2827 1726 2883 16]
1751 2828 1822 2870 Ps.
1846 2828 1886 2883 2,
1913 2828 2039 2870 7—8.

186 2902 259 2956 23]
294 2900 369 2945 Es.
400 2902 472 2951 42,
507 2901 635 2944 6-7,

248 3005 267 3045 1
303 3005 483 3059 propter
513 3006 697 3046 mortem
729 3006 1060 3046 consecuturum
1089 3004 1265 3047 seclusit
1293 3003 1388 3045 Iun
1483 3003 1509 3043 2
1542 3005 1869 3045 consecuturum
1901 3003 2040 3045 Pam.-

188 3079 496 3122 consecuturus
527 3076 627 3120 MR
716 3079 742 3120 8
775 3091 800 3119 a
831 3077 1004 3119 diuersa
1032 3078 1252 3120 sententia
1284 3081 1355 3129 (=
1371 3080 1520 3131 parte)
1551 3076 1730 3130 scripsi.-
1760 3075 1815 3118 ad
1844 3075 2038 3132 vdiuersas

187 3150 432 3193 sententias
471 3150 571 3193 MR
692 3151 744 3206 10
784 3164 894 3206 quae
940 3150 1118 3205 scripsi.-
1166 3163 1364 3206 quaeque
1401 3150 1514 3203 MR,
1561 3163 1786 3205 quaequae
1831 3148 2038 3192 Oehlerus

187 3215 238 3266 -1'1
272 3223 380 3266 haec
411 3223 571 3266 addidi
632 3225 684 3266 14
713 3216 821 3278 <et>
852 3223 906 3265 ad
939 3223 1303 3268 eiusChristum
1332 3224 1436 3276 fort.
1468 3225 1564 3277 (sec.
1597 3223 1677 3267 loc.
1704 3224 1827 3278 yem.)
1889 3223 1940 3266 16
1967 3236 2036 3264 oc-

187 3300 332 3339 curret
362 3297 609 3351 MNPam,
641 3298 829 3340 occurrit
859 3297 902 3340 R
1008 3299 1057 3339 17
1093 3296 1144 3339 de
1174 3311 1243 3338 me
1273 3296 1386 3350 MR,
1418 3310 1442 3338 a
1472 3310 1540 3338 me
1571 3295 1755 3338 PamN
1860 3297 1911 3338 19
1943 3296 2034 3337 eius

187 3369 299 3424 MR,
327 3383 424 3411 eum
439 3366 555 3411 Pam
615 3371 665 3412 21
692 3370 897 3425 regnauit
912 3371 967 3424 R,
993 3370 1188 3424 regnarit
1202 3370 1307 3412 MN
1319 3369 1441 3411 Pam
1494 3370 1548 3411 23
1572 3371 1617 3411 te
1633 3382 1714 3411 om.
1731 3368 1780 3411 F
1862 3369 2033 3424 generis

183 3442 331 3497 <mei>
353 3443 468 3484 Pam
556 3444 612 3485 24
644 3443 816 3485 occulos
840 3443 894 3485 M
951 3444 1006 3484 25
1033 3442 1269 3484 errantium
1293 3456 1361 3484 ex·
1386 3442 1435 3484 in
1458 3455 1546 3483 ras.
1571 3442 1629 3484 M
1684 3443 1737 3485 26
1763 3437 1954 3484 sedentis
1978 3442 2038 3484 M
