2248 3646
535 227 630 268 VII.
663 226 925 268 Aduersus
955 227 1265 268 Marcionem
1295 227 1370 268 lib.
1402 226 1446 266 II
1479 228 1598 268 1—2.
1870 232 1969 280 335

176 385 274 432 iam
308 381 599 451 [apostolus]
632 386 750 432 tunc
781 382 1087 446 prospiciens
1120 383 1368 433 haeretica
1399 382 1565 432 corda:
1609 384 1755 447 quis,
1794 385 1971 448 inquit,

179 468 485 532 cognouit
515 483 767 517 sensum
802 467 1056 526 domini,
1096 472 1203 516 aut
1234 468 1374 531 quis
1408 468 1512 517 illi
1554 469 1972 518 consiliarius

175 553 335 603 fuit?
403 555 508 601 aut
560 553 628 602 ad
691 568 867 616 quem
931 553 1355 612 consultauit,
1410 555 1517 602 aut
1576 553 1738 603 uiam
1791 554 1973 604 intel-

174 640 386 688 lectus
441 639 501 687 et
551 637 872 687 scientiae
927 638 1069 700 quis
1125 637 1602 688 demonstrauit
1654 639 1741 687 ei?
1795 639 1874 688 cui
1925 642 1975 688 et

125 741 144 770 5
175 723 430 788 apostolus
451 722 698 772 condicet:
733 738 758 772 0
791 722 1174 787 profundum
1207 722 1589 772 diuitiarum
1625 724 1971 788 etsophiae

101 1166 136 1192 10

99 1590 137 1620 15

175 808 288 869 dei,
349 810 414 857 ut
473 807 1102 874 <in>inuestigabilia
1160 808 1408 858 iudicia
1460 809 1616 869 eiuS,
1669 809 1842 874 utique
1896 811 1974 860 dei

170 893 365 953 iudicis,
399 896 458 943 et
486 892 1109 958 <in>inuestigabiles
1141 893 1282 942 uiae
1309 894 1461 955 eius,
1487 894 1661 958 utique
1686 894 1974 945 intellectus

172 982 221 1028 et
251 979 502 1036 scientiae,
542 994 664 1042 quas
705 978 747 1026 ei
786 994 928 1027 nemo
968 980 1283 1031 monstrauit.
1324 979 1419 1029 nisi
1457 980 1581 1029 forte
1619 980 1706 1029 isti
1743 995 1973 1031 censores

170 1064 466 1128 diuinitatis,
492 1063 734 1114 dicentes:
761 1064 850 1112 ‘sic
874 1079 966 1113 non
993 1063 1165 1114 debuit
1189 1064 1328 1113 deus‘
1356 1066 1426 1114 et:
1454 1064 1542 1114 ‘sic
1573 1066 1733 1132 magis
1767 1066 1972 1127 debuit’,

170 1150 311 1214 quasi
357 1151 625 1214 cognoscat
669 1149 865 1212 aliquis,
915 1164 1039 1213 quae
1086 1149 1186 1198 sint
1228 1149 1279 1198 in
1327 1150 1432 1210 deo,
1473 1150 1568 1199 nisi
1615 1150 1819 1215 spiritus
1874 1151 1969 1200 dei.

169 1234 341 1283 mundi
379 1236 546 1283 autem
586 1233 822 1283 habentes
864 1233 1112 1296 spiritum,
1151 1249 1245 1284 non
1286 1237 1613 1299 agnoscentes
1651 1236 1699 1285 in
1733 1236 1975 1299 sapientia

169 1320 247 1369 dei
283 1334 370 1383 per
407 1319 703 1382 sapientiam
742 1319 906 1378 deum,
957 1319 1287 1368 consultiores
1336 1320 1538 1370 sibimet
1583 1321 1818 1370 uidentur
1863 1321 1973 1382 deo,

169 1404 400 1468 quoniam
445 1404 577 1454 sicut
621 1404 865 1467 sapientia
909 1404 1080 1453 mundi
1129 1405 1347 1454 stultitia
1392 1408 1469 1454 est
1512 1421 1662 1474 penes
1702 1406 1865 1466 deum,
1904 1408 1975 1456 ita

168 1492 219 1539 et
255 1489 495 1553 sapientia
534 1489 612 1538 dei
651 1489 867 1538 stultitia
906 1492 983 1538 est
1020 1504 1167 1553 penes
1208 1490 1465 1539 mundum.
1514 1491 1601 1541 sed
1647 1507 1735 1541 nos
1785 1493 1971 1542 scimus

170 1575 447 1625 stultum
493 1574 592 1623 dei
642 1574 1008 1637 sapientius
1071 1575 1441 1625 hominibus
1501 1579 1561 1625 et
1612 1577 1971 1626 inualidum

167 1660 266 1709 dei
318 1659 605 1709 ualidius
659 1659 1042 1710 hominibus,
1098 1662 1147 1709 et
1196 1662 1267 1710 ita
1306 1661 1428 1710 deus
1468 1664 1586 1710 tunc
1624 1663 1834 1712 maxime
1873 1679 1973 1711 ma-

166 1761 308 1810 gnUS,
362 1760 475 1794 cum
519 1744 708 1794 homini
751 1745 983 1809 pusillus,
1040 1748 1089 1794 et
1131 1749 1252 1795 tunc
1305 1749 1515 1796 maxime
1562 1748 1798 1810 optimus,
1860 1764 1974 1797 cum

166 1830 353 1879 homini
397 1845 493 1878 non
537 1831 714 1888 bonus,
769 1833 817 1880 et
860 1833 979 1880 tunc
1026 1831 1238 1880 maxime
1291 1848 1438 1892 unus,
1487 1847 1598 1881 cum
1646 1833 1834 1882 homini
1873 1833 1970 1882 duo

166 1916 253 1963 aut
291 1913 468 1977 plures,
515 1914 694 1978 quodsi
741 1930 765 1963 a
804 1914 1071 1979 primordio
1115 1899 1265 1964 homo
1306 1916 1551 1976 animaliS,
1593 1932 1687 1966 non
1726 1917 1972 1982 recipiens

168 2014 292 2062 quae
331 2001 449 2049 sunt
484 2000 711 2063 spiritus,
753 2000 1019 2049 stultitiam
1061 2001 1370 2051 existimauit
1408 2002 1485 2050 dei
1523 2003 1703 2066 legem,
1738 2006 1793 2052 ut
1825 2018 1972 2066 quam

166 2084 429 2134 obseruare
474 2085 707 2151 neglexit,
759 2085 972 2149 ideoque
1016 2102 1110 2135 non
1157 2086 1381 2136 habendo
1432 2087 1581 2137 fidem
1635 2088 1784 2137 etiam
1841 2088 1973 2151 quod

166 2158 430 2218 uidebatur
467 2170 645 2219 habere
685 2170 972 2235 ademptum
1013 2173 1090 2220 est
1126 2171 1215 2233 illi,
1256 2172 1473 2236 paradisi
1512 2173 1670 2237 gratia
1709 2175 1758 2221 et
1794 2172 1973 2222 famili-

166 2254 314 2304 aritas
346 2255 439 2314 dei,
479 2271 566 2319 per
597 2271 743 2318 quam
778 2256 941 2305 omnia
981 2256 1057 2305 dei
1090 2258 1413 2322 cognouisset
1444 2258 1487 2307 si
1519 2258 1818 2319 oboedisset,
1852 2258 1971 2322 qnid

164 2339 359 2397 mirum,
416 2341 474 2400 si,
511 2341 791 2390 redhibitus
837 2341 1071 2391 materiae
1111 2358 1230 2391 suae
1270 2346 1319 2391 et
1362 2342 1411 2391 in
1458 2344 1766 2408 ergastulum
1813 2345 1972 2392 terrae

94 2442 122 2470 2.
165 2425 459 2475 laborandae
490 2425 742 2492 relegatus
775 2426 822 2475 in
855 2427 963 2490 ipso
1004 2443 1150 2490 opere
1189 2443 1340 2492 prono
1375 2432 1424 2477 et
1455 2429 1641 2479 deuexo
1675 2429 1734 2478 ad
1773 2432 1970 2488 terram,

164 2514 461 2574 usurpatum
487 2526 542 2560 ex
571 2512 660 2561 illa
691 2511 921 2575 spiritum
953 2513 1126 2562 mundi
1158 2513 1391 2564 uniuerso
1425 2515 1593 2579 generi
1626 2530 1715 2564 suo
1747 2515 1970 2575 tradidit,

166 2594 423 2645 dumtaxat
466 2596 666 2646 animali
706 2599 755 2645 et
792 2596 1057 2658 haeretico,
1105 2614 1199 2647 non
1237 2599 1498 2662 recipienti
1538 2614 1662 2662 quae
1702 2602 1820 2649 sunt
1858 2599 1970 2649 dei?

307 2748 347 2800 1]
376 2747 449 2789 Es.
480 2749 548 2799 40,
583 2749 646 2789 13.
681 2748 744 2789 14.
819 2750 861 2802 ὃ]
888 2750 1007 2790 Rom.
1036 2751 1100 2803 11,
1130 2751 1197 2791 33.
1275 2751 1344 2804 10]
1376 2751 1427 2806 cf.
1452 2750 1473 2791 Ι
1498 2749 1590 2792 Cor.
1616 2752 1656 2799 2,
1682 2752 1744 2792 11.
1825 2752 1891 2805 11]
1919 2751 1970 2792 cf.

164 2817 185 2857 I
216 2817 307 2860 Cor.
343 2820 378 2865 1,
410 2819 477 2859 21.
581 2820 650 2872 15]
682 2819 703 2860 Ι
735 2820 828 2862 Cor.
865 2822 899 2873 1,
932 2822 998 2863 25.
1106 2821 1171 2875 19]
1205 2821 1258 2863 cf.
1282 2822 1303 2862 I
1327 2821 1420 2864 Cor.
1446 2823 1485 2870 2,
1512 2822 1575 2863 14.
1687 2823 1759 2876 21]
1787 2822 1841 2863 cf.
1868 2822 1968 2864 Luc.

164 2890 205 2941 8,
236 2888 307 2938 183
340 2889 492 2931 Matth.
527 2891 592 2943 13,
626 2892 690 2931 12.

224 2988 243 3028 1
277 2989 359 3030 iam
391 2990 498 3037 MR,
531 2991 643 3031 enim
672 2991 719 3032 F
801 2993 1019 3046 apostolus
1049 2993 1205 3034 seclusi
1232 2992 1304 3047 (cf.
1336 2993 1463 3045 insr‘a
1494 2993 1519 3033 l.
1558 2995 1600 3045 5)
1686 2995 1786 3033 tunc
1816 3003 1895 3034 om.
1928 2993 1971 3033 R

166 3059 192 3099 2
220 3059 285 3100 illi
316 3061 582 3102 consiliarius
605 3061 671 3112 M,
704 3062 970 3104 consiliarius
1001 3063 1089 3104 eius
1113 3063 1156 3105 R
1230 3064 1254 3104 5
1286 3063 1480 3105 condicet
1503 3064 1612 3111 MF,
1646 3063 1908 3104 contradicet
1928 3064 1971 3105 R

166 3131 192 3170 6
220 3130 592 3182 ininuestigabilia
623 3131 674 3179 R,
705 3133 1028 3187 inuestigabilia
1056 3133 1157 3174 MF
1249 3135 1271 3174 7
1303 3134 1674 3187 ininuestigabiles
1705 3133 1760 3186 R,
1785 3135 1969 3174 inuesti-

167 3192 330 3253 g'abiles
361 3201 462 3242 MF
545 3204 592 3243 11
626 3203 669 3243 111
701 3204 914 3257 sapientia
934 3204 1073 3245 Pam:
1100 3204 1352 3257 insipientia
1378 3204 1437 3245 M
1461 3207 1503 3257 (a
1534 3217 1585 3246 ex
1609 3213 1632 3245 a
1654 3217 1706 3244 m.
1739 3205 1789 3256 1),
1819 3204 1968 3257 insipi-

167 3272 321 3313 entiam
354 3273 396 3314 R
483 3274 535 3314 17
575 3277 619 3315 et
648 3274 943 3316 tunc-bonus
966 3289 1047 3317 om.
1070 3275 1117 3316 F
1202 3275 1251 3317 18
1283 3289 1365 3316 11011
1398 3289 1475 3317 om.
1499 3275 1556 3316 M
1639 3276 1691 3316 22
1722 3275 1968 3329 ademptum

166 3343 223 3383 Μ
248 3345 291 3396 (a
321 3348 446 3396 eras.)
536 3346 590 3386 24
620 3345 858 3387 redhibitus
887 3346 996 3395 MR,
1028 3335 1237 3388 redibitus
1267 3346 1315 3387 F
