2248 3646
254 252 356 301 374
617 247 805 299 Quinti
841 246 1071 302 Septimi
1103 247 1383 289 Florentis
1417 247 1743 290 Tertulliani

251 409 402 460 modo
443 412 618 459 noster
658 411 749 459 est.
788 406 951 473 igitur
991 422 1344 472 quaecumque
1387 407 1589 474 exigitis
1632 408 1723 458 deo
1759 409 1924 476 digna,
1965 399 2113 460 hahe-

250 496 443 546 buntur
487 497 535 546 in
584 498 726 560 patre
766 494 1019 545 inuisibili
1058 494 1577 561 incongressibilique
1618 499 1668 546 et
1704 497 1905 561 placido
1948 500 2012 555 et,
2059 500 2117 547 ut

252 585 324 634 ita
358 584 584 646 dixerim,
625 583 1052 648 philosophorum
1086 581 1196 644 (166,
1233 597 1584 647 quaecumque
1617 586 1786 634 autem
1821 586 1880 634 ut
1909 584 2117 652 indigna

250 671 641 737 reprehenditis
691 669 1073 736 deputabuntur
1120 670 1170 720 in
1218 670 1323 721 filio
1366 672 1416 720 et
1455 671 1566 722 uiso
1609 674 1659 722 et
1698 671 1871 722 audito
1914 674 1966 723 et
2004 688 2117 724 con-

253 775 450 825 gresso,
493 758 680 810 arbitro
712 758 873 823 patris
910 760 961 808 et
990 754 1242 819 ministro,
1283 758 1532 809 miscente
1563 759 1613 809 in
1647 759 1925 825 semetipso
1958 760 2118 811 homi-

253 862 368 897 nem
411 850 461 897 et
502 847 671 908 deum,
711 846 760 896 in
800 845 1084 896 uirtutibus
1126 845 1293 906 deum,
1334 845 1385 896 in
1425 846 1801 912 pusillitatibus
1842 847 2118 909 hominem,

253 940 310 983 ut
342 936 542 984 tantum
578 933 773 985 homini
815 933 1041 983 conferat
1081 935 1327 997 quantum
1369 932 1461 984 deo
1503 933 1737 985 detrahit.
1776 936 1944 985 totum
1985 934 2119 985 deni-

255 1038 352 1087 que
401 1021 479 1071 dei
527 1021 629 1071 mei
677 1037 831 1086 penes
881 1036 973 1071 uos
1028 1020 1248 1070 dedecus
1306 1024 1681 1071 sacramentum
1738 1023 1818 1072 est
1869 1022 2119 1073 humanae

255 1109 455 1160 salutis,
512 1109 915 1160 conuersabatur
963 1107 1088 1159 deus
1137 1109 1426 1174 <humane.>
1466 1111 1523 1159 ut
1562 1108 1714 1159 homo
1756 1108 1926 1159 diuine
1974 1125 2120 1176 agere

255 1197 538 1248 doceretur.
598 1213 654 1247 ex
702 1212 862 1262 aequo
911 1197 1097 1264 agebat
1145 1197 1269 1246 deus
1318 1212 1432 1246 611111
1482 1196 1703 1258 homine,
1758 1199 1818 1247 ut
1862 1198 2015 1249 homo
2064 1214 2120 1248 ex

254 1301 416 1350 aequo
467 1301 617 1351 agere
667 1301 783 1335 cum
836 1284 928 1335 deo
969 1287 1162 1349 posset.
1213 1284 1337 1334 deus
1378 1284 1601 1350 pusillus
1642 1283 1884 1336 inuentus
1925 1288 2018 1348 est,
2065 1288 2124 1337 ut

253 1372 407 1422 homo
450 1372 704 1422 maximus
743 1371 904 1421 fieret.
956 1372 1042 1436 qui
1082 1372 1238 1422 talem
1280 1371 1432 1421 deum
1474 1371 1783 1437 dedignai·iS‚
1825 1372 2014 1436 nescio,
2063 1390 2122 1424 an

255 1475 311 1510 ex
366 1459 463 1510 fide
520 1460 695 1510 credas
751 1458 901 1509 deum
959 1457 1270 1509 crucifixum.
1336 1462 1523 1523 quanta
1583 1459 1757 1524 itaque
1811 1461 2122 1525 peruersitas

253 1550 427 1598 uestra
476 1563 595 1614 erga
642 1551 919 1613 utrumque
969 1546 1198 1597 ordinem
1250 1547 1524 1597 creatoris?
1571 1547 1792 1598 iudicem
1836 1563 1951 1598 eum
1994 1548 2124 1599 (lesi-

255 1636 440 1701 gnatise
498 1640 548 1686 et
603 1635 928 1686 seueritatem
983 1634 1171 1685 iudicis
1220 1634 1502 1685 secundum
1550 1637 1732 1686 merita
1777 1650 2046 1687 causarum
2087 1653 2121 1686 se

254 1726 622 1790 congruentem
655 1739 743 1789 pro
779 1723 997 1774 saeuitia
1038 1723 1373 1787 exprobratis3
1417 1723 1566 1773 deum
1609 1723 1860 1790 optimum
1903 1723 2123 1790 exigitis,

253 1815 305 1861 et
336 1812 600 1862 lenitatem
635 1813 744 1862 eius
778 1811 1086 1877 benignitati
1127 1816 1511 1877 congruentem,
1543 1826 1633 1877 pro
1667 1813 1820 1877 captu
1859 1811 2124 1863 mediocri—

251 1899 374 1950 tatis
407 1901 660 1951 humanae
687 1899 938 1950 deiectius
965 1902 1336 1962 conuersatam‚
1364 1909 1423 1949 ut
1447 1898 1786 1965 pusillitatem
1813 1898 2124 1966 depretiatis.

251 2003 342 2038 1166
375 2004 595 2055 magnus
635 1987 786 2039 uobis
827 1988 997 2053 placet
1035 2002 1127 2037 1166
1166 1987 1417 2045 modicus
1458 2002 1550 2038 nec
1588 1987 1741 2038 iudex
1779 2002 1871 2038 1166
1911 1986 2123 2039 amicus,

253 2076 392 2142 quid,
450 2077 492 2127 si
548 2092 681 2128 nunc
731 2076 908 2127 eadem
967 2078 1017 2126 et
1062 2076 1111 2125 in
1161 2077 1334 2126 uestro
1384 2074 1859 2142 deprehendantur?
1897 2075 2121 2126 iudicem

253 2164 461 2230 quidem
515 2170 566 2215 et
618 2164 767 2214 illum
818 2179 930 2214 esse
977 2163 1078 2214 iam
1130 2163 1452 2214 ostendimus
1499 2163 1549 2213 in
1597 2163 1772 2217 libello
1823 2179 1915 2214 suo
1964 2166 2015 2213 et·
2061 2163 2122 2214 de

251 2252 421 2303 iudice
470 2252 758 2304 necessarie
815 2268 1055 2303 seuerum
1113 2255 1164 2302 et
1210 2251 1271 2302 de
1318 2266 1497 2302 seuero
1550 2251 1750 2302 scilicet
1799 2267 2028 2312 saeuum,
2078 2251 2122 2302 si

251 2345 424 2391 tamen
467 2357 696 2391 saeuum.

328 2430 412 2479 28.
469 2427 619 2479 Ν11116
668 2431 719 2478 et
759 2428 821 2478 de
858 2427 1237 2493 pusillitatibus
1286 2429 1336 2478 et
1381 2425 1794 2493 malignitatibus
1836 2427 2121 2492 ceterisque

254 2518 389 2568 notis
424 2520 474 2567 et
505 2516 616 2582 ipse
649 2517 906 2567 aduersus·
931 2515 1243 2567 Marcionem
1279 2515 1551 2566 antithesis
1582 2516 1809 2566 aemulas
1842 2514 2043 2566 faciam.
2079 2516 2121 2565 si
2152 2531 2193 2561 -.a

253 2605 515 2672 ignorauit
548 2605 673 2655 deus
714 2620 863 2654 meus
906 2620 1018 2654 esse
1061 2604 1219 2654 alium
1261 2619 1414 2668 super
1455 2618 1524 2665 se,
1566 2602 1717 2653 etiam
1759 2606 1881 2653 tuus
1916 2603 2118 2654 omnino

254 2709 351 2743 non
401 2693 521 2743 sciit
568 2708 682 2743 esse
732 2692 889 2742 alium
937 2691 1068 2742 infra
1115 2707 1184 2742 se.
1242 2691 1364 2756 quid
1411 2691 1543 2741 enim
1591 2691 1662 2741 ait
1699 2690 1994 2741 Heraclitus
2033 2691 2119 2741 ille

253 2780 594 2831 tenebrosus?
647 2779 849 2830 eadem
906 2778 1005 2829 uia
1062 2794 1299 2829 sursum
1355 2780 1412 2828 et
1467 2777 1761 2829 deorsum.
1812 2778 2027 2843 denique
2076 2779 2118 2829 si

401 2953 472 3007 ⁶28]
504 2951 712 2994 Heraelit.
747 2950 901 3005 fragm.
933 2949 988 2992 60
1022 2949 1086 2991 cd.
1121 2949 1258 2991 Diels.

316 3073 339 3112 (3
381 3071 424 3111 iu
466 3069 706 3111 uirtutibus
755 3067 882 3110 deum
930 3081 1010 3110 om.
1052 3067 1112 3108 M
1203 3068 1227 3109 9
1276 3066 1618 3109 conuersabatur
1655 3066 1731 3119 12³³,
1780 3067 2118 3110 conseruabatur

256 3142 374 3186 Allli'l
506 3142 695 3183 humane
744 3140 905 3183 addida·
1038 3138 1186 3181 diuino
1231 3139 1344 3188 MF,
1392 3138 1543 3181 diuina
1587 3139 1780 3195 Ruulyo
1888 3139 1939 3182 14
1984 3139 2117 3183 iudici

265 3216 351 3259 Urs
435 3217 486 3258 15
521 3216 735 3257 lacunam
767 3213 973 3269 siynaui:
1005 3213 1204 3255 iustitiae
1238 3212 1434 3255 desidero
1525 3213 1578 3255 20
1609 3226 1722 3254 nunc
1760 3213 1868 3256 Urs:
1901 3228 1985 3255 non
2018 3214 2117 3257 MR

258 3290 314 3331 22
348 3289 517 3331 seilicet
546 3288 664 3330 Lat:
699 3287 811 3329 sicut
842 3286 956 3338 MR,
995 3286 1056 3327 sic
1089 3289 1134 3327 et
1171 3284 1378 3327 Oehlerus
1495 3286 1550 3327 25
1588 3286 1683 3340 ipse
1714 3286 1789 3337 123,
1828 3287 1970 3351 ipsum
2000 3287 2118 3330 MR¹

260 3385 497 3426 antithesis
528 3384 598 3426 M.
631 3382 891 3425 antitheseis
915 3381 973 3433 R,
1006 3380 1251 3423 antitheses
1274 3381 1435 3434 reliqui
1492 3381 1546 3423 27
1572 3382 1672 3423 sciit
1692 3381 1747 3432 F,
1773 3354 1937 3424 scith
1957 3383 1988 3436 (i
2013 3382 2116 3424 add.

257 3473 312 3501 m.
332 3462 386 3511 1),
406 3458 537 3500 sciuit
553 3457 596 3499 R
612 3457 749 3511 uulgyo
841 3454 945 3510 quid
961 3455 1141 3508 scripsi:
1158 3455 1273 3510 quod
1290 3455 1388 3498 MR
1450 3455 1505 3496 28
1523 3455 1794 3499 tenebrosus,
1817 3455 1965 3497 eadem
1983 3456 2118 3512 Μαῖρα

2156 1215 2194 1246 10

2156 1653 2195 1684 15

2154 2091 2196 2122 20
