<?xml version="1.0" encoding="UTF-8"?>
<!DOCTYPE html PUBLIC "-//W3C//DTD XHTML 1.0 Transitional//EN"
    "http://www.w3.org/TR/xhtml1/DTD/xhtml1-transitional.dtd">
<html xmlns="http://www.w3.org/1999/xhtml" xml:lang="en" lang="en">
 <head>
  <title>
</title>
<meta http-equiv="Content-Type" content="text/html;charset=utf-8" />
  <meta name='ocr-system' content='tesseract 3.04.00' />
  <meta name='ocr-capabilities' content='ocr_page ocr_carea ocr_par ocr_line ocrx_word'/>
</head>
<body>
  <div class='ocr_page' id='page_1' title='image "./quintiseptimiflo47tertuoft_0343.png"; bbox 0 0 2248 3646; ppageno 0'>
   <div class='ocr_carea' id='block_1_1' title="bbox 123 1133 160 1162">
    <p class='ocr_par' dir='ltr' id='par_1_1' title="bbox 123 1133 160 1162">
     <span class='ocr_line' id='line_1_1' title="bbox 123 1133 160 1162; baseline 0.054 -2"><span class='ocrx_word' id='word_1_1' title='bbox 123 1133 160 1162; x_wconf 90' lang='lat'>10</span> 
     </span>
    </p>
   </div>
   <div class='ocr_carea' id='block_1_2' title="bbox 111 1984 153 2014">
    <p class='ocr_par' dir='ltr' id='par_1_2' title="bbox 111 1984 153 2014">
     <span class='ocr_line' id='line_1_2' title="bbox 111 1984 153 2014; baseline 0.024 -1"><span class='ocrx_word' id='word_1_2' title='bbox 111 1984 153 2014; x_wconf 83' lang='lat'>20</span> 
     </span>
    </p>
   </div>
   <div class='ocr_carea' id='block_1_3' title="bbox 108 2431 149 2462">
    <p class='ocr_par' dir='ltr' id='par_1_3' title="bbox 108 2431 149 2462">
     <span class='ocr_line' id='line_1_3' title="bbox 108 2431 149 2462; baseline -0.024 0"><span class='ocrx_word' id='word_1_3' title='bbox 108 2431 149 2462; x_wconf 82' lang='lat'>25</span> 
     </span>
    </p>
   </div>
   <div class='ocr_carea' id='block_1_4' title="bbox 566 190 2008 245">
    <p class='ocr_par' dir='ltr' id='par_1_4' title="bbox 566 190 2008 245">
     <span class='ocr_line' id='line_1_4' title="bbox 566 190 2008 245; baseline 0.003 -14"><span class='ocrx_word' id='word_1_4' title='bbox 566 191 659 231; x_wconf 92' lang='lat' dir='ltr'><strong>VII.</strong></span> <span class='ocrx_word' id='word_1_5' title='bbox 691 190 954 232; x_wconf 75' lang='lat' dir='ltr'>Aduersus</span> <span class='ocrx_word' id='word_1_6' title='bbox 984 192 1293 232; x_wconf 80' lang='lat' dir='ltr'>Marcionem</span> <span class='ocrx_word' id='word_1_7' title='bbox 1323 192 1397 235; x_wconf 88' lang='lat' dir='ltr'>lib.</span> <span class='ocrx_word' id='word_1_8' title='bbox 1429 192 1450 233; x_wconf 94' lang='lat' dir='ltr'>I</span> <span class='ocrx_word' id='word_1_9' title='bbox 1480 193 1632 235; x_wconf 83' lang='lat'>9—11.</span> <span class='ocrx_word' id='word_1_10' title='bbox 1905 197 2008 245; x_wconf 83' lang='lat'>303</span> 
     </span>
    </p>
   </div>
   <div class='ocr_carea' id='block_1_5' title="bbox 188 344 2008 1517">
    <p class='ocr_par' dir='ltr' id='par_1_5' title="bbox 188 344 2008 1517">
     <span class='ocr_line' id='line_1_5' title="bbox 199 344 2005 410; baseline 0.003 -17"><span class='ocrx_word' id='word_1_11' title='bbox 199 359 287 393; x_wconf 88' lang='lat' dir='ltr'>nec</span> <span class='ocrx_word' id='word_1_12' title='bbox 340 345 470 394; x_wconf 89' lang='lat' dir='ltr'>enim</span> <span class='ocrx_word' id='word_1_13' title='bbox 524 345 566 394; x_wconf 89' lang='lat' dir='ltr'>si</span> <span class='ocrx_word' id='word_1_14' title='bbox 619 344 871 408; x_wconf 82' lang='lat' dir='ltr'>aliquanto</span> <span class='ocrx_word' id='word_1_15' title='bbox 924 346 1168 410; x_wconf 73' lang='lat' dir='ltr'>posterior</span> <span class='ocrx_word' id='word_1_16' title='bbox 1212 346 1415 410; x_wconf 83' lang='lat' dir='ltr'>Moyses</span> <span class='ocrx_word' id='word_1_17' title='bbox 1462 348 1654 410; x_wconf 89' lang='lat' dir='ltr'>primus</span> <span class='ocrx_word' id='word_1_18' title='bbox 1706 348 1907 397; x_wconf 91' lang='lat' dir='ltr'>uidetur</span> <span class='ocrx_word' id='word_1_19' title='bbox 1956 349 2005 398; x_wconf 90' lang='lat' dir='ltr'>in</span> 
     </span>
     <span class='ocr_line' id='line_1_6' title="bbox 198 429 2008 492; baseline 0.003 -14"><span class='ocrx_word' id='word_1_20' title='bbox 198 430 386 492; x_wconf 87' lang='lat' dir='ltr'>templo</span> <span class='ocrx_word' id='word_1_21' title='bbox 445 429 726 478; x_wconf 87' lang='lat' dir='ltr'>litterarum</span> <span class='ocrx_word' id='word_1_22' title='bbox 787 445 987 479; x_wconf 87' lang='lat' dir='ltr'>suarum</span> <span class='ocrx_word' id='word_1_23' title='bbox 1050 430 1196 479; x_wconf 90' lang='lat' dir='ltr'>deum</span> <span class='ocrx_word' id='word_1_24' title='bbox 1257 431 1430 480; x_wconf 89' lang='lat' dir='ltr'>mundi</span> <span class='ocrx_word' id='word_1_25' title='bbox 1490 431 1763 492; x_wconf 76' lang='lat' dir='ltr'>dedicasse,</span> <span class='ocrx_word' id='word_1_26' title='bbox 1821 432 2008 484; x_wconf 87' lang='lat' dir='ltr'>idcirco</span> 
     </span>
     <span class='ocr_line' id='line_1_7' title="bbox 198 513 2007 580; baseline 0.002 -17"><span class='ocrx_word' id='word_1_27' title='bbox 198 530 227 563; x_wconf 90' lang='lat' dir='ltr'>a</span> <span class='ocrx_word' id='word_1_28' title='bbox 269 513 608 563; x_wconf 72' lang='lat' dir='ltr'>Pentateucho</span> <span class='ocrx_word' id='word_1_29' title='bbox 655 514 845 563; x_wconf 86' lang='lat' dir='ltr'>natales</span> <span class='ocrx_word' id='word_1_30' title='bbox 899 515 1167 579; x_wconf 76' lang='lat' dir='ltr'>agnitionis</span> <span class='ocrx_word' id='word_1_31' title='bbox 1223 517 1644 580; x_wconf 85' lang='lat' dir='ltr'>supputabuntur,</span> <span class='ocrx_word' id='word_1_32' title='bbox 1700 532 1813 566; x_wconf 83' lang='lat' dir='ltr'>cum</span> <span class='ocrx_word' id='word_1_33' title='bbox 1866 520 2007 568; x_wconf 89' lang='lat' dir='ltr'>totus</span> 
     </span>
     <span class='ocr_line' id='line_1_8' title="bbox 196 598 2006 665; baseline 0.002 -17"><span class='ocrx_word' id='word_1_34' title='bbox 196 598 388 662; x_wconf 88' lang='lat' dir='ltr'>Moysei</span> <span class='ocrx_word' id='word_1_35' title='bbox 420 599 569 648; x_wconf 90' lang='lat' dir='ltr'>stilus</span> <span class='ocrx_word' id='word_1_36' title='bbox 600 599 830 648; x_wconf 84' lang='lat' dir='ltr'>notitiam</span> <span class='ocrx_word' id='word_1_37' title='bbox 872 600 1106 649; x_wconf 87' lang='lat' dir='ltr'>creatoris</span> <span class='ocrx_word' id='word_1_38' title='bbox 1138 615 1233 650; x_wconf 91' lang='lat' dir='ltr'>non</span> <span class='ocrx_word' id='word_1_39' title='bbox 1265 601 1514 660; x_wconf 88' lang='lat' dir='ltr'>instituat,</span> <span class='ocrx_word' id='word_1_40' title='bbox 1556 602 1644 650; x_wconf 92' lang='lat' dir='ltr'>sed</span> <span class='ocrx_word' id='word_1_41' title='bbox 1676 617 1702 650; x_wconf 90' lang='lat' dir='ltr'>a</span> <span class='ocrx_word' id='word_1_42' title='bbox 1732 603 2006 665; x_wconf 89' lang='lat' dir='ltr'>primordio</span> 
     </span>
     <span class='ocr_line' id='line_1_9' title="bbox 196 683 2003 750; baseline 0.003 -19"><span class='ocrx_word' id='word_1_43' title='bbox 196 686 402 742; x_wconf 85' lang='lat' dir='ltr'>enarret,</span> <span class='ocrx_word' id='word_1_44' title='bbox 443 699 469 732; x_wconf 92' lang='lat' dir='ltr'>a</span> <span class='ocrx_word' id='word_1_45' title='bbox 500 683 729 746; x_wconf 86' lang='lat' dir='ltr'>paradiso</span> <span class='ocrx_word' id='word_1_46' title='bbox 764 687 812 733; x_wconf 89' lang='lat' dir='ltr'>et</span> <span class='ocrx_word' id='word_1_47' title='bbox 841 685 1020 745; x_wconf 88' lang='lat' dir='ltr'>Adam,</span> <span class='ocrx_word' id='word_1_48' title='bbox 1058 700 1152 734; x_wconf 88' lang='lat' dir='ltr'>non</span> <span class='ocrx_word' id='word_1_49' title='bbox 1185 686 1243 734; x_wconf 89' lang='lat' dir='ltr'>ab</span> <span class='ocrx_word' id='word_1_50' title='bbox 1277 686 1506 750; x_wconf 81' lang='lat' dir='ltr'>Aegypto</span> <span class='ocrx_word' id='word_1_51' title='bbox 1548 690 1597 735; x_wconf 90' lang='lat' dir='ltr'>et</span> <span class='ocrx_word' id='word_1_52' title='bbox 1627 686 1803 750; x_wconf 80' lang='lat' dir='ltr'>Moyse</span> <span class='ocrx_word' id='word_1_53' title='bbox 1840 703 2003 737; x_wconf 88' lang='lat' dir='ltr'>recen-</span> 
     </span>
     <span class='ocr_line' id='line_1_10' title="bbox 196 768 2003 836; baseline 0.003 -20"><span class='ocrx_word' id='word_1_54' title='bbox 196 768 413 817; x_wconf 90' lang='lat' dir='ltr'>sendam.</span> <span class='ocrx_word' id='word_1_55' title='bbox 447 769 656 832; x_wconf 90' lang='lat' dir='ltr'>denique</span> <span class='ocrx_word' id='word_1_56' title='bbox 688 770 845 819; x_wconf 88' lang='lat' dir='ltr'>maior</span> <span class='ocrx_word' id='word_1_57' title='bbox 874 771 1182 835; x_wconf 84' lang='lat' dir='ltr'>popularitas</span> <span class='ocrx_word' id='word_1_58' title='bbox 1216 771 1410 836; x_wconf 86' lang='lat' dir='ltr'>generis</span> <span class='ocrx_word' id='word_1_59' title='bbox 1443 772 1664 831; x_wconf 86' lang='lat' dir='ltr'>humani,</span> <span class='ocrx_word' id='word_1_60' title='bbox 1698 788 1757 821; x_wconf 93' lang='lat' dir='ltr'>ne</span> <span class='ocrx_word' id='word_1_61' title='bbox 1789 773 2003 823; x_wconf 88' lang='lat' dir='ltr'>nominis</span> 
     </span>
     <span class='ocr_line' id='line_1_11' title="bbox 194 853 2002 922; baseline 0.003 -21"><span class='ocrx_word' id='word_1_62' title='bbox 194 853 393 915; x_wconf 90' lang='lat' dir='ltr'>quidem</span> <span class='ocrx_word' id='word_1_63' title='bbox 437 853 637 918; x_wconf 87' lang='lat' dir='ltr'>Moysei</span> <span class='ocrx_word' id='word_1_64' title='bbox 683 858 955 918; x_wconf 89' lang='lat' dir='ltr'>compotes,</span> <span class='ocrx_word' id='word_1_65' title='bbox 1001 855 1182 904; x_wconf 89' lang='lat' dir='ltr'>nedum</span> <span class='ocrx_word' id='word_1_66' title='bbox 1227 855 1566 916; x_wconf 77' lang='lat' dir='ltr'>instrumenti,</span> <span class='ocrx_word' id='word_1_67' title='bbox 1614 856 1762 906; x_wconf 90' lang='lat' dir='ltr'>deum</span> <span class='ocrx_word' id='word_1_68' title='bbox 1808 858 2002 922; x_wconf 82' lang='lat' dir='ltr'>Moysei</span> 
     </span>
     <span class='ocr_line' id='line_1_12' title="bbox 192 940 2000 998; baseline 0.004 -13"><span class='ocrx_word' id='word_1_69' title='bbox 192 940 357 988; x_wconf 85' lang='lat' dir='ltr'>tamen</span> <span class='ocrx_word' id='word_1_70' title='bbox 409 942 610 998; x_wconf 87' lang='lat' dir='ltr'>norunt;</span> <span class='ocrx_word' id='word_1_71' title='bbox 666 940 816 989; x_wconf 88' lang='lat' dir='ltr'>etiam</span> <span class='ocrx_word' id='word_1_72' title='bbox 862 942 1050 990; x_wconf 87' lang='lat' dir='ltr'>tantam</span> <span class='ocrx_word' id='word_1_73' title='bbox 1095 941 1328 990; x_wconf 86' lang='lat' dir='ltr'>idolatria</span> <span class='ocrx_word' id='word_1_74' title='bbox 1380 942 1771 991; x_wconf 89' lang='lat' dir='ltr'>dominationem</span> <span class='ocrx_word' id='word_1_75' title='bbox 1828 943 2000 992; x_wconf 85' lang='lat' dir='ltr'>obum-</span> 
     </span>
     <span class='ocr_line' id='line_1_13' title="bbox 190 1023 2003 1091; baseline 0.003 -20"><span class='ocrx_word' id='word_1_76' title='bbox 190 1023 379 1084; x_wconf 88' lang='lat' dir='ltr'>brante,</span> <span class='ocrx_word' id='word_1_77' title='bbox 433 1039 657 1074; x_wconf 89' lang='lat' dir='ltr'>seorsum</span> <span class='ocrx_word' id='word_1_78' title='bbox 709 1027 876 1075; x_wconf 89' lang='lat' dir='ltr'>tamen</span> <span class='ocrx_word' id='word_1_79' title='bbox 928 1026 1073 1075; x_wconf 91' lang='lat' dir='ltr'>illum</span> <span class='ocrx_word' id='word_1_80' title='bbox 1127 1027 1272 1089; x_wconf 87' lang='lat' dir='ltr'>quasi</span> <span class='ocrx_word' id='word_1_81' title='bbox 1315 1027 1511 1091; x_wconf 88' lang='lat' dir='ltr'>proprio</span> <span class='ocrx_word' id='word_1_82' title='bbox 1565 1027 1763 1077; x_wconf 91' lang='lat' dir='ltr'>nomine</span> <span class='ocrx_word' id='word_1_83' title='bbox 1816 1028 2003 1077; x_wconf 71' lang='lat' dir='ltr'>‘deum&#39;</span> 
     </span>
     <span class='ocr_line' id='line_1_14' title="bbox 191 1109 2000 1176; baseline 0.004 -20"><span class='ocrx_word' id='word_1_84' title='bbox 191 1109 449 1170; x_wconf 82' lang='lat' dir='ltr'>perhibent</span> <span class='ocrx_word' id='word_1_85' title='bbox 487 1112 536 1158; x_wconf 90' lang='lat' dir='ltr'>et</span> <span class='ocrx_word' id='word_1_86' title='bbox 574 1110 737 1161; x_wconf 84' lang='lat' dir='ltr'>‘deum</span> <span class='ocrx_word' id='word_1_87' title='bbox 778 1110 999 1159; x_wconf 86' lang='lat' dir='ltr'>deorum’</span> <span class='ocrx_word' id='word_1_88' title='bbox 1038 1113 1088 1160; x_wconf 93' lang='lat' dir='ltr'>et</span> <span class='ocrx_word' id='word_1_89' title='bbox 1125 1111 1184 1162; x_wconf 87' lang='lat' dir='ltr'>‘si</span> <span class='ocrx_word' id='word_1_90' title='bbox 1223 1111 1343 1160; x_wconf 88' lang='lat' dir='ltr'>deus</span> <span class='ocrx_word' id='word_1_91' title='bbox 1385 1112 1594 1162; x_wconf 87' lang='lat' dir='ltr'>dederit’</span> <span class='ocrx_word' id='word_1_92' title='bbox 1635 1115 1684 1162; x_wconf 91' lang='lat' dir='ltr'>et</span> <span class='ocrx_word' id='word_1_93' title='bbox 1723 1114 1874 1176; x_wconf 87' lang='lat' dir='ltr'>‘quod</span> <span class='ocrx_word' id='word_1_94' title='bbox 1907 1113 2000 1164; x_wconf 88' lang='lat' dir='ltr'>deo</span> 
     </span>
     <span class='ocr_line' id='line_1_15' title="bbox 189 1194 2000 1261; baseline 0.003 -19"><span class='ocrx_word' id='word_1_95' title='bbox 189 1195 370 1256; x_wconf 83' lang='lat' dir='ltr'>placet’</span> <span class='ocrx_word' id='word_1_96' title='bbox 401 1196 451 1243; x_wconf 90' lang='lat' dir='ltr'>et</span> <span class='ocrx_word' id='word_1_97' title='bbox 480 1194 587 1243; x_wconf 84' lang='lat' dir='ltr'>‘deo</span> <span class='ocrx_word' id='word_1_98' title='bbox 621 1194 942 1245; x_wconf 63' lang='lat' dir='ltr'>commendo)</span> <span class='ocrx_word' id='word_1_99' title='bbox 966 1195 1099 1255; x_wconf 89' lang='lat' dir='ltr'>uide,</span> <span class='ocrx_word' id='word_1_100' title='bbox 1126 1211 1185 1245; x_wconf 91' lang='lat' dir='ltr'>an</span> <span class='ocrx_word' id='word_1_101' title='bbox 1210 1196 1442 1246; x_wconf 86' lang='lat' dir='ltr'>nouerint</span> <span class='ocrx_word' id='word_1_102' title='bbox 1473 1213 1620 1261; x_wconf 90' lang='lat' dir='ltr'>quem</span> <span class='ocrx_word' id='word_1_103' title='bbox 1655 1199 1820 1247; x_wconf 88' lang='lat' dir='ltr'>omnia</span> <span class='ocrx_word' id='word_1_104' title='bbox 1849 1213 2000 1260; x_wconf 89' lang='lat' dir='ltr'>posse</span> 
     </span>
     <span class='ocr_line' id='line_1_16' title="bbox 188 1280 1999 1345; baseline 0.003 -18"><span class='ocrx_word' id='word_1_105' title='bbox 188 1280 450 1329; x_wconf 82' lang='lat' dir='ltr'>testantur.</span> <span class='ocrx_word' id='word_1_106' title='bbox 510 1294 599 1329; x_wconf 87' lang='lat' dir='ltr'>nec</span> <span class='ocrx_word' id='word_1_107' title='bbox 653 1280 745 1329; x_wconf 89' lang='lat' dir='ltr'>hoc</span> <span class='ocrx_word' id='word_1_108' title='bbox 798 1280 917 1329; x_wconf 89' lang='lat' dir='ltr'>ullis</span> <span class='ocrx_word' id='word_1_109' title='bbox 970 1280 1166 1345; x_wconf 85' lang='lat' dir='ltr'>Moysei</span> <span class='ocrx_word' id='word_1_110' title='bbox 1217 1281 1359 1331; x_wconf 87' lang='lat' dir='ltr'>libris</span> <span class='ocrx_word' id='word_1_111' title='bbox 1414 1282 1609 1332; x_wconf 89' lang='lat' dir='ltr'>debent.</span> <span class='ocrx_word' id='word_1_112' title='bbox 1671 1286 1782 1332; x_wconf 89' lang='lat' dir='ltr'>ante</span> <span class='ocrx_word' id='word_1_113' title='bbox 1836 1284 1999 1333; x_wconf 88' lang='lat' dir='ltr'>anima</span> 
     </span>
     <span class='ocr_line' id='line_1_17' title="bbox 190 1364 1999 1428; baseline 0.004 -18"><span class='ocrx_word' id='word_1_114' title='bbox 190 1379 337 1426; x_wconf 91' lang='lat' dir='ltr'>quam</span> <span class='ocrx_word' id='word_1_115' title='bbox 390 1364 664 1428; x_wconf 85' lang='lat' dir='ltr'>prophetia.</span> <span class='ocrx_word' id='word_1_116' title='bbox 725 1365 917 1415; x_wconf 90' lang='lat' dir='ltr'>animae</span> <span class='ocrx_word' id='word_1_117' title='bbox 972 1366 1102 1415; x_wconf 89' lang='lat' dir='ltr'>enim</span> <span class='ocrx_word' id='word_1_118' title='bbox 1158 1382 1184 1415; x_wconf 90' lang='lat' dir='ltr'>a</span> <span class='ocrx_word' id='word_1_119' title='bbox 1234 1367 1505 1428; x_wconf 87' lang='lat' dir='ltr'>primordio</span> <span class='ocrx_word' id='word_1_120' title='bbox 1560 1369 1864 1418; x_wconf 86' lang='lat' dir='ltr'>conscientia</span> <span class='ocrx_word' id='word_1_121' title='bbox 1919 1369 1999 1418; x_wconf 87' lang='lat' dir='ltr'>dei</span> 
     </span>
     <span class='ocr_line' id='line_1_18' title="bbox 188 1448 1995 1517; baseline 0.003 -20"><span class='ocrx_word' id='word_1_122' title='bbox 188 1448 276 1497; x_wconf 90' lang='lat' dir='ltr'>dos</span> <span class='ocrx_word' id='word_1_123' title='bbox 326 1451 425 1508; x_wconf 83' lang='lat' dir='ltr'>est3</span> <span class='ocrx_word' id='word_1_124' title='bbox 483 1449 653 1499; x_wconf 87' lang='lat' dir='ltr'>eadem</span> <span class='ocrx_word' id='word_1_125' title='bbox 699 1465 789 1500; x_wconf 90' lang='lat' dir='ltr'>nec</span> <span class='ocrx_word' id='word_1_126' title='bbox 837 1451 934 1499; x_wconf 88' lang='lat' dir='ltr'>alia</span> <span class='ocrx_word' id='word_1_127' title='bbox 983 1453 1033 1500; x_wconf 88' lang='lat' dir='ltr'>et</span> <span class='ocrx_word' id='word_1_128' title='bbox 1076 1451 1125 1500; x_wconf 89' lang='lat' dir='ltr'>in</span> <span class='ocrx_word' id='word_1_129' title='bbox 1170 1452 1433 1516; x_wconf 81' lang='lat' dir='ltr'>Aegyptiis</span> <span class='ocrx_word' id='word_1_130' title='bbox 1479 1454 1528 1502; x_wconf 90' lang='lat' dir='ltr'>et</span> <span class='ocrx_word' id='word_1_131' title='bbox 1571 1453 1621 1502; x_wconf 91' lang='lat' dir='ltr'>in</span> <span class='ocrx_word' id='word_1_132' title='bbox 1670 1452 1805 1517; x_wconf 86' lang='lat' dir='ltr'>Syris</span> <span class='ocrx_word' id='word_1_133' title='bbox 1853 1456 1903 1503; x_wconf 90' lang='lat' dir='ltr'>et</span> <span class='ocrx_word' id='word_1_134' title='bbox 1946 1455 1995 1503; x_wconf 88' lang='lat' dir='ltr'>in</span> 
     </span>
    </p>
   </div>
   <div class='ocr_carea' id='block_1_6' title="bbox 137 1532 1996 1607">
    <p class='ocr_par' dir='ltr' id='par_1_6' title="bbox 137 1532 1996 1607">
     <span class='ocr_line' id='line_1_19' title="bbox 137 1532 1996 1607; baseline 0.002 -22"><span class='ocrx_word' id='word_1_135' title='bbox 137 1557 154 1585; x_wconf 84' lang='lat'>5</span> <span class='ocrx_word' id='word_1_136' title='bbox 186 1533 422 1584; x_wconf 81' lang='lat' dir='ltr'>Ponticis,</span> <span class='ocrx_word' id='word_1_137' title='bbox 470 1532 788 1602; x_wconf 88' lang='lat' dir='ltr'>[Iudaeorum</span> <span class='ocrx_word' id='word_1_138' title='bbox 835 1536 966 1585; x_wconf 91' lang='lat' dir='ltr'>enim</span> <span class='ocrx_word' id='word_1_139' title='bbox 1014 1537 1161 1586; x_wconf 90' lang='lat' dir='ltr'>deum</span> <span class='ocrx_word' id='word_1_140' title='bbox 1200 1537 1372 1587; x_wconf 89' lang='lat' dir='ltr'>dicunt</span> <span class='ocrx_word' id='word_1_141' title='bbox 1417 1539 1608 1588; x_wconf 88' lang='lat' dir='ltr'>animae</span> <span class='ocrx_word' id='word_1_142' title='bbox 1656 1537 1836 1607; x_wconf 77' lang='lat' dir='ltr'>deum]</span> <span class='ocrx_word' id='word_1_143' title='bbox 1876 1541 1996 1602; x_wconf 79' lang='lat' dir='ltr'>noli,</span> 
     </span>
    </p>
   </div>
   <div class='ocr_carea' id='block_1_7' title="bbox 184 1620 1995 1945">
    <p class='ocr_par' dir='ltr' id='par_1_7' title="bbox 184 1620 1995 1945">
     <span class='ocr_line' id='line_1_20' title="bbox 184 1620 1993 1688; baseline 0.002 -20"><span class='ocrx_word' id='word_1_144' title='bbox 184 1620 389 1669; x_wconf 88' lang='lat' dir='ltr'>barbare</span> <span class='ocrx_word' id='word_1_145' title='bbox 420 1620 686 1681; x_wconf 77' lang='lat' dir='ltr'>haeretice,</span> <span class='ocrx_word' id='word_1_146' title='bbox 718 1621 932 1684; x_wconf 88' lang='lat' dir='ltr'>priorem</span> <span class='ocrx_word' id='word_1_147' title='bbox 956 1622 1206 1671; x_wconf 88' lang='lat' dir='ltr'>Abraham</span> <span class='ocrx_word' id='word_1_148' title='bbox 1232 1623 1536 1673; x_wconf 87' lang='lat' dir='ltr'>constituere</span> <span class='ocrx_word' id='word_1_149' title='bbox 1563 1640 1710 1688; x_wconf 88' lang='lat' dir='ltr'>quam</span> <span class='ocrx_word' id='word_1_150' title='bbox 1737 1624 1993 1673; x_wconf 87' lang='lat' dir='ltr'>mundum.</span> 
     </span>
     <span class='ocr_line' id='line_1_21' title="bbox 187 1705 1995 1773; baseline 0.003 -21"><span class='ocrx_word' id='word_1_151' title='bbox 187 1708 235 1753; x_wconf 87' lang='lat' dir='ltr'>et</span> <span class='ocrx_word' id='word_1_152' title='bbox 275 1705 316 1753; x_wconf 94' lang='lat' dir='ltr'>si</span> <span class='ocrx_word' id='word_1_153' title='bbox 354 1705 501 1754; x_wconf 90' lang='lat' dir='ltr'>unius</span> <span class='ocrx_word' id='word_1_154' title='bbox 540 1706 758 1755; x_wconf 83' lang='lat' dir='ltr'>familiae</span> <span class='ocrx_word' id='word_1_155' title='bbox 799 1707 920 1756; x_wconf 79' lang='lat' dir='ltr'>deus</span> <span class='ocrx_word' id='word_1_156' title='bbox 954 1707 1137 1758; x_wconf 89' lang='lat' dir='ltr'>fuisset</span> <span class='ocrx_word' id='word_1_157' title='bbox 1168 1711 1375 1769; x_wconf 84' lang='lat' dir='ltr'>creator,</span> <span class='ocrx_word' id='word_1_158' title='bbox 1414 1711 1581 1758; x_wconf 89' lang='lat' dir='ltr'>tamen</span> <span class='ocrx_word' id='word_1_159' title='bbox 1623 1710 1869 1773; x_wconf 87' lang='lat' dir='ltr'>posterior</span> <span class='ocrx_word' id='word_1_160' title='bbox 1905 1712 1995 1758; x_wconf 89' lang='lat' dir='ltr'>tuo</span> 
     </span>
     <span class='ocr_line' id='line_1_22' title="bbox 184 1791 1993 1862; baseline 0.004 -25"><span class='ocrx_word' id='word_1_161' title='bbox 184 1805 278 1838; x_wconf 93' lang='lat' dir='ltr'>non</span> <span class='ocrx_word' id='word_1_162' title='bbox 327 1793 445 1850; x_wconf 89' lang='lat' dir='ltr'>erat,</span> <span class='ocrx_word' id='word_1_163' title='bbox 494 1791 644 1839; x_wconf 86' lang='lat' dir='ltr'>etiam</span> <span class='ocrx_word' id='word_1_164' title='bbox 683 1792 906 1841; x_wconf 87' lang='lat' dir='ltr'>Ponticis</span> <span class='ocrx_word' id='word_1_165' title='bbox 955 1795 1067 1842; x_wconf 88' lang='lat' dir='ltr'>ante</span> <span class='ocrx_word' id='word_1_166' title='bbox 1113 1808 1227 1862; x_wconf 86' lang='lat' dir='ltr'>eum</span> <span class='ocrx_word' id='word_1_167' title='bbox 1272 1796 1436 1844; x_wconf 87' lang='lat' dir='ltr'>notus.</span> <span class='ocrx_word' id='word_1_168' title='bbox 1481 1795 1696 1859; x_wconf 90' lang='lat' dir='ltr'>accipiat</span> <span class='ocrx_word' id='word_1_169' title='bbox 1738 1795 1895 1859; x_wconf 85' lang='lat' dir='ltr'>igitur</span> <span class='ocrx_word' id='word_1_170' title='bbox 1933 1796 1993 1844; x_wconf 89' lang='lat' dir='ltr'>ab</span> 
     </span>
     <span class='ocr_line' id='line_1_23' title="bbox 184 1876 1992 1945; baseline 0.003 -22"><span class='ocrx_word' id='word_1_171' title='bbox 184 1879 497 1925; x_wconf 86' lang='lat' dir='ltr'>antecessore</span> <span class='ocrx_word' id='word_1_172' title='bbox 542 1876 768 1938; x_wconf 87' lang='lat' dir='ltr'>formam,</span> <span class='ocrx_word' id='word_1_173' title='bbox 816 1893 843 1927; x_wconf 91' lang='lat' dir='ltr'>a</span> <span class='ocrx_word' id='word_1_174' title='bbox 889 1881 1022 1928; x_wconf 88' lang='lat' dir='ltr'>certo</span> <span class='ocrx_word' id='word_1_175' title='bbox 1067 1879 1305 1939; x_wconf 83' lang='lat' dir='ltr'>incertuS,</span> <span class='ocrx_word' id='word_1_176' title='bbox 1353 1895 1380 1929; x_wconf 86' lang='lat' dir='ltr'>a</span> <span class='ocrx_word' id='word_1_177' title='bbox 1424 1880 1623 1943; x_wconf 85' lang='lat' dir='ltr'>cognito</span> <span class='ocrx_word' id='word_1_178' title='bbox 1677 1881 1992 1945; x_wconf 85' lang='lat' dir='ltr'>incognitus:</span> 
     </span>
    </p>
   </div>
   <div class='ocr_carea' id='block_1_8' title="bbox 160 1960 1991 2028">
    <p class='ocr_par' dir='ltr' id='par_1_8' title="bbox 160 1960 1991 2028">
     <span class='ocr_line' id='line_1_24' title="bbox 160 1960 1991 2028; baseline 0.003 -20"><span class='ocrx_word' id='word_1_179' title='bbox 160 1960 455 2024; x_wconf 82' lang='lat' dir='ltr'>‘numquam</span> <span class='ocrx_word' id='word_1_180' title='bbox 495 1961 616 2010; x_wconf 89' lang='lat' dir='ltr'>deus</span> <span class='ocrx_word' id='word_1_181' title='bbox 648 1962 841 2023; x_wconf 86' lang='lat' dir='ltr'>latebit,</span> <span class='ocrx_word' id='word_1_182' title='bbox 882 1975 1155 2027; x_wconf 83' lang='lat' dir='ltr'>numquam</span> <span class='ocrx_word' id='word_1_183' title='bbox 1195 1964 1317 2013; x_wconf 90' lang='lat' dir='ltr'>deus</span> <span class='ocrx_word' id='word_1_184' title='bbox 1359 1964 1528 2026; x_wconf 89' lang='lat' dir='ltr'>deerit,</span> <span class='ocrx_word' id='word_1_185' title='bbox 1568 1980 1765 2028; x_wconf 87' lang='lat' dir='ltr'>semper</span> <span class='ocrx_word' id='word_1_186' title='bbox 1799 1965 1991 2014; x_wconf 87' lang='lat' dir='ltr'>intelle-</span> 
     </span>
    </p>
   </div>
   <div class='ocr_carea' id='block_1_9' title="bbox 179 2047 1997 2706">
    <p class='ocr_par' dir='ltr' id='par_1_9' title="bbox 179 2047 1997 2365">
     <span class='ocr_line' id='line_1_25' title="bbox 182 2047 1997 2113; baseline 0.003 -18"><span class='ocrx_word' id='word_1_187' title='bbox 182 2048 344 2109; x_wconf 85' lang='lat' dir='ltr'>getur,</span> <span class='ocrx_word' id='word_1_188' title='bbox 379 2061 573 2111; x_wconf 90' lang='lat' dir='ltr'>semper</span> <span class='ocrx_word' id='word_1_189' title='bbox 604 2047 849 2108; x_wconf 89' lang='lat' dir='ltr'>audietur,</span> <span class='ocrx_word' id='word_1_190' title='bbox 891 2050 1040 2098; x_wconf 86' lang='lat' dir='ltr'>etiam</span> <span class='ocrx_word' id='word_1_191' title='bbox 1073 2049 1341 2110; x_wconf 87' lang='lat' dir='ltr'>uidebitur,</span> <span class='ocrx_word' id='word_1_192' title='bbox 1375 2049 1622 2113; x_wconf 89' lang='lat' dir='ltr'>quomodo</span> <span class='ocrx_word' id='word_1_193' title='bbox 1655 2051 1809 2099; x_wconf 75' lang='lat' dir='ltr'>uolet.</span> <span class='ocrx_word' id='word_1_194' title='bbox 1841 2051 1997 2100; x_wconf 85' lang='lat' dir='ltr'>habet</span> 
     </span>
     <span class='ocr_line' id='line_1_26' title="bbox 183 2131 1988 2199; baseline 0.002 -19"><span class='ocrx_word' id='word_1_195' title='bbox 183 2131 304 2180; x_wconf 90' lang='lat' dir='ltr'>deus</span> <span class='ocrx_word' id='word_1_196' title='bbox 349 2131 663 2182; x_wconf 88' lang='lat' dir='ltr'>testimonia:</span> <span class='ocrx_word' id='word_1_197' title='bbox 710 2135 874 2183; x_wconf 89' lang='lat' dir='ltr'>totum</span> <span class='ocrx_word' id='word_1_198' title='bbox 920 2134 1013 2185; x_wconf 89' lang='lat' dir='ltr'>hoc</span> <span class='ocrx_word' id='word_1_199' title='bbox 1061 2134 1193 2198; x_wconf 88' lang='lat' dir='ltr'>quod</span> <span class='ocrx_word' id='word_1_200' title='bbox 1240 2150 1415 2184; x_wconf 91' lang='lat' dir='ltr'>sumus</span> <span class='ocrx_word' id='word_1_201' title='bbox 1462 2136 1513 2183; x_wconf 89' lang='lat' dir='ltr'>et</span> <span class='ocrx_word' id='word_1_202' title='bbox 1556 2135 1604 2183; x_wconf 90' lang='lat' dir='ltr'>in</span> <span class='ocrx_word' id='word_1_203' title='bbox 1652 2150 1747 2199; x_wconf 89' lang='lat' dir='ltr'>quo</span> <span class='ocrx_word' id='word_1_204' title='bbox 1796 2151 1988 2186; x_wconf 91' lang='lat' dir='ltr'>sumus.</span> 
     </span>
     <span class='ocr_line' id='line_1_27' title="bbox 181 2217 1991 2283; baseline 0.003 -18"><span class='ocrx_word' id='word_1_205' title='bbox 181 2217 254 2265; x_wconf 92' lang='lat' dir='ltr'>sic</span> <span class='ocrx_word' id='word_1_206' title='bbox 290 2217 528 2279; x_wconf 89' lang='lat' dir='ltr'>probatur</span> <span class='ocrx_word' id='word_1_207' title='bbox 567 2219 616 2266; x_wconf 89' lang='lat' dir='ltr'>et</span> <span class='ocrx_word' id='word_1_208' title='bbox 653 2218 775 2267; x_wconf 84' lang='lat' dir='ltr'>deus</span> <span class='ocrx_word' id='word_1_209' title='bbox 808 2220 858 2267; x_wconf 90' lang='lat' dir='ltr'>et</span> <span class='ocrx_word' id='word_1_210' title='bbox 895 2234 1039 2279; x_wconf 80' lang='lat' dir='ltr'>unuS,</span> <span class='ocrx_word' id='word_1_211' title='bbox 1081 2219 1198 2268; x_wconf 89' lang='lat' dir='ltr'>dum</span> <span class='ocrx_word' id='word_1_212' title='bbox 1237 2235 1332 2269; x_wconf 90' lang='lat' dir='ltr'>non</span> <span class='ocrx_word' id='word_1_213' title='bbox 1372 2220 1646 2283; x_wconf 85' lang='lat' dir='ltr'>ignoratur,</span> <span class='ocrx_word' id='word_1_214' title='bbox 1688 2220 1785 2270; x_wconf 90' lang='lat' dir='ltr'>alio</span> <span class='ocrx_word' id='word_1_215' title='bbox 1826 2221 1991 2270; x_wconf 86' lang='lat' dir='ltr'>adhuc</span> 
     </span>
     <span class='ocr_line' id='line_1_28' title="bbox 179 2301 683 2365; baseline 0.002 -16"><span class='ocrx_word' id='word_1_216' title='bbox 179 2301 375 2365; x_wconf 86' lang='lat' dir='ltr'>probari</span> <span class='ocrx_word' id='word_1_217' title='bbox 413 2301 683 2351; x_wconf 86' lang='lat' dir='ltr'>laborante.</span> 
     </span>
    </p>

    <p class='ocr_par' dir='ltr' id='par_1_10' title="bbox 179 2387 1994 2706">
     <span class='ocr_line' id='line_1_29' title="bbox 255 2387 1994 2452; baseline 0.003 -18"><span class='ocrx_word' id='word_1_218' title='bbox 255 2387 330 2435; x_wconf 88' lang='grc'>11,</span> <span class='ocrx_word' id='word_1_219' title='bbox 372 2387 436 2434; x_wconf 79' lang='lat' dir='ltr'>Et</span> <span class='ocrx_word' id='word_1_220' title='bbox 471 2387 664 2447; x_wconf 88' lang='lat' dir='ltr'>merito,</span> <span class='ocrx_word' id='word_1_221' title='bbox 700 2388 949 2451; x_wconf 88' lang='lat' dir='ltr'>inquiunt.</span> <span class='ocrx_word' id='word_1_222' title='bbox 992 2389 1103 2452; x_wconf 89' lang='lat' dir='ltr'>quis</span> <span class='ocrx_word' id='word_1_223' title='bbox 1137 2389 1268 2437; x_wconf 90' lang='lat' dir='ltr'>enim</span> <span class='ocrx_word' id='word_1_224' title='bbox 1299 2404 1392 2438; x_wconf 87' lang='lat' dir='ltr'>non</span> <span class='ocrx_word' id='word_1_225' title='bbox 1432 2392 1535 2438; x_wconf 89' lang='lat' dir='ltr'>tam</span> <span class='ocrx_word' id='word_1_226' title='bbox 1576 2390 1683 2439; x_wconf 92' lang='lat' dir='ltr'>suis</span> <span class='ocrx_word' id='word_1_227' title='bbox 1721 2394 1871 2440; x_wconf 91' lang='lat' dir='ltr'>notus</span> <span class='ocrx_word' id='word_1_228' title='bbox 1911 2393 1994 2440; x_wconf 88' lang='lat' dir='ltr'>est</span> 
     </span>
     <span class='ocr_line' id='line_1_30' title="bbox 182 2473 1984 2538; baseline 0.003 -19"><span class='ocrx_word' id='word_1_229' title='bbox 182 2487 326 2534; x_wconf 77' lang='lat' dir='ltr'>quani</span> <span class='ocrx_word' id='word_1_230' title='bbox 369 2473 646 2522; x_wconf 75' lang='lat' dir='ltr'>extraneis?</span> <span class='ocrx_word' id='word_1_231' title='bbox 685 2488 845 2522; x_wconf 88' lang='lat' dir='ltr'>nemo.</span> <span class='ocrx_word' id='word_1_232' title='bbox 886 2475 1030 2522; x_wconf 89' lang='lat' dir='ltr'>teneo</span> <span class='ocrx_word' id='word_1_233' title='bbox 1063 2476 1112 2522; x_wconf 90' lang='lat' dir='ltr'>et</span> <span class='ocrx_word' id='word_1_234' title='bbox 1142 2474 1267 2523; x_wconf 86' lang='lat' dir='ltr'>hanc</span> <span class='ocrx_word' id='word_1_235' title='bbox 1305 2490 1494 2523; x_wconf 87' lang='lat' dir='ltr'>uocem.</span> <span class='ocrx_word' id='word_1_236' title='bbox 1535 2476 1680 2538; x_wconf 90' lang='lat' dir='ltr'>quale</span> <span class='ocrx_word' id='word_1_237' title='bbox 1721 2478 1800 2525; x_wconf 86' lang='lat' dir='ltr'>est</span> <span class='ocrx_word' id='word_1_238' title='bbox 1838 2476 1984 2536; x_wconf 88' lang='lat' dir='ltr'>enim,</span> 
     </span>
     <span class='ocr_line' id='line_1_31' title="bbox 179 2556 1988 2621; baseline 0.003 -16"><span class='ocrx_word' id='word_1_239' title='bbox 179 2559 234 2605; x_wconf 89' lang='lat' dir='ltr'>ut</span> <span class='ocrx_word' id='word_1_240' title='bbox 279 2556 468 2620; x_wconf 89' lang='lat' dir='ltr'>aliquid</span> <span class='ocrx_word' id='word_1_241' title='bbox 512 2561 796 2606; x_wconf 86' lang='lat' dir='ltr'>extraneum</span> <span class='ocrx_word' id='word_1_242' title='bbox 844 2558 933 2608; x_wconf 90' lang='lat' dir='ltr'>deo</span> <span class='ocrx_word' id='word_1_243' title='bbox 974 2559 1072 2608; x_wconf 77' lang='lat' dir='ltr'>sit?</span> <span class='ocrx_word' id='word_1_244' title='bbox 1120 2559 1199 2608; x_wconf 88' lang='lat' dir='ltr'>cui</span> <span class='ocrx_word' id='word_1_245' title='bbox 1243 2559 1368 2608; x_wconf 91' lang='lat' dir='ltr'>nihil</span> <span class='ocrx_word' id='word_1_246' title='bbox 1413 2562 1698 2609; x_wconf 85' lang='lat' dir='ltr'>extraneum</span> <span class='ocrx_word' id='word_1_247' title='bbox 1746 2563 1896 2621; x_wconf 85' lang='lat' dir='ltr'>esset,</span> <span class='ocrx_word' id='word_1_248' title='bbox 1944 2562 1988 2611; x_wconf 84' lang='lat' dir='ltr'>si</span> 
     </span>
     <span class='ocr_line' id='line_1_32' title="bbox 181 2642 1984 2706; baseline 0.003 -16"><span class='ocrx_word' id='word_1_249' title='bbox 181 2642 290 2703; x_wconf 88' lang='lat' dir='ltr'>quis</span> <span class='ocrx_word' id='word_1_250' title='bbox 331 2645 479 2702; x_wconf 90' lang='lat' dir='ltr'>esset,</span> <span class='ocrx_word' id='word_1_251' title='bbox 512 2672 578 2677; x_wconf 88' lang='lat'>—</span> <span class='ocrx_word' id='word_1_252' title='bbox 612 2643 728 2706; x_wconf 85' lang='lat' dir='ltr'>quia</span> <span class='ocrx_word' id='word_1_253' title='bbox 766 2643 845 2692; x_wconf 91' lang='lat' dir='ltr'>dei</span> <span class='ocrx_word' id='word_1_254' title='bbox 882 2643 977 2692; x_wconf 90' lang='lat' dir='ltr'>hoc</span> <span class='ocrx_word' id='word_1_255' title='bbox 1016 2646 1108 2701; x_wconf 87' lang='lat' dir='ltr'>est,</span> <span class='ocrx_word' id='word_1_256' title='bbox 1142 2644 1308 2693; x_wconf 89' lang='lat' dir='ltr'>omnia</span> <span class='ocrx_word' id='word_1_257' title='bbox 1337 2644 1475 2693; x_wconf 90' lang='lat' dir='ltr'>illius</span> <span class='ocrx_word' id='word_1_258' title='bbox 1508 2660 1618 2694; x_wconf 90' lang='lat' dir='ltr'>esse</span> <span class='ocrx_word' id='word_1_259' title='bbox 1650 2648 1700 2695; x_wconf 89' lang='lat' dir='ltr'>et</span> <span class='ocrx_word' id='word_1_260' title='bbox 1731 2645 1895 2695; x_wconf 88' lang='lat' dir='ltr'>omnia</span> <span class='ocrx_word' id='word_1_261' title='bbox 1925 2647 1984 2694; x_wconf 87' lang='lat' dir='ltr'>ad</span> 
     </span>
    </p>
   </div>
   <div class='ocr_carea' id='block_1_10' title="bbox 174 2808 1987 3361">
    <p class='ocr_par' dir='ltr' id='par_1_11' title="bbox 174 2808 1987 3361">
     <span class='ocr_line' id='line_1_33' title="bbox 238 2808 1985 2865; baseline 0.003 -18"><span class='ocrx_word' id='word_1_262' title='bbox 238 2810 256 2848; x_wconf 93' lang='lat'>1</span> <span class='ocrx_word' id='word_1_263' title='bbox 290 2809 458 2861; x_wconf 74' lang='lat' dir='ltr'>moysei</span> <span class='ocrx_word' id='word_1_264' title='bbox 476 2808 541 2857; x_wconf 92' lang='lat' dir='ltr'>M,</span> <span class='ocrx_word' id='word_1_265' title='bbox 574 2809 708 2862; x_wconf 89' lang='lat' dir='ltr'>Moysi</span> <span class='ocrx_word' id='word_1_266' title='bbox 731 2808 773 2850; x_wconf 85' lang='lat' dir='ltr'><strong><em>R</em></strong></span> <span class='ocrx_word' id='word_1_267' title='bbox 800 2810 876 2858; x_wconf 77' lang='lat' dir='ltr'>(sic</span> <span class='ocrx_word' id='word_1_268' title='bbox 900 2814 938 2851; x_wconf 77' lang='lat' dir='ltr'>et</span> <span class='ocrx_word' id='word_1_269' title='bbox 957 2811 1083 2863; x_wconf 80' lang='lat' dir='ltr'>infra</span> <span class='ocrx_word' id='word_1_270' title='bbox 1117 2813 1155 2851; x_wconf 82' lang='lat'>7.</span> <span class='ocrx_word' id='word_1_271' title='bbox 1177 2812 1249 2861; x_wconf 79' lang='lat'>12)</span> <span class='ocrx_word' id='word_1_272' title='bbox 1350 2811 1375 2852; x_wconf 81' lang='lat'>8</span> <span class='ocrx_word' id='word_1_273' title='bbox 1404 2810 1606 2852; x_wconf 74' lang='lat' dir='ltr'>idolatria</span> <span class='ocrx_word' id='word_1_274' title='bbox 1626 2812 1684 2852; x_wconf 91' lang='lat' dir='ltr'>M</span> <span class='ocrx_word' id='word_1_275' title='bbox 1706 2815 1831 2863; x_wconf 87' lang='lat' dir='ltr'>(corr.</span> <span class='ocrx_word' id='word_1_276' title='bbox 1854 2826 1907 2856; x_wconf 87' lang='lat' dir='ltr'>m.</span> <span class='ocrx_word' id='word_1_277' title='bbox 1931 2815 1985 2865; x_wconf 81' lang='lat'>1),</span> 
     </span>
     <span class='ocr_line' id='line_1_34' title="bbox 177 2878 1987 2935; baseline 0.003 -17"><span class='ocrx_word' id='word_1_278' title='bbox 177 2878 422 2920; x_wconf 81' lang='lat' dir='ltr'>idololatria</span> <span class='ocrx_word' id='word_1_279' title='bbox 436 2878 513 2931; x_wconf 59' lang='lat'>12³,</span> <span class='ocrx_word' id='word_1_280' title='bbox 537 2879 762 2922; x_wconf 85' lang='lat' dir='ltr'>idolatriae</span> <span class='ocrx_word' id='word_1_281' title='bbox 785 2880 848 2921; x_wconf 81' lang='lat' dir='ltr'>R1</span> <span class='ocrx_word' id='word_1_282' title='bbox 930 2882 981 2922; x_wconf 89' lang='lat'>10</span> <span class='ocrx_word' id='word_1_283' title='bbox 1005 2881 1175 2922; x_wconf 89' lang='lat' dir='ltr'>deorum</span> <span class='ocrx_word' id='word_1_284' title='bbox 1196 2882 1575 2935; x_wconf 80' lang='lat' dir='ltr'>&lt;dieentes&gt;fort.</span> <span class='ocrx_word' id='word_1_285' title='bbox 1658 2884 1709 2925; x_wconf 87' lang='lat'>15</span> <span class='ocrx_word' id='word_1_286' title='bbox 1732 2882 1987 2924; x_wconf 77' lang='lat' dir='ltr'>Iudaemum</span> 
     </span>
     <span class='ocr_line' id='line_1_35' title="bbox 179 2949 1984 3004; baseline 0.003 -14"><span class='ocrx_word' id='word_1_287' title='bbox 179 2951 359 2991; x_wconf 87' lang='lat' dir='ltr'>—deum</span> <span class='ocrx_word' id='word_1_288' title='bbox 374 2949 503 3002; x_wconf 72' lang='lat' dir='ltr'>MR3,</span> <span class='ocrx_word' id='word_1_289' title='bbox 526 2963 615 2991; x_wconf 86' lang='lat' dir='ltr'>non</span> <span class='ocrx_word' id='word_1_290' title='bbox 631 2951 843 3004; x_wconf 74' lang='lat' dir='ltr'>praebent</span> <span class='ocrx_word' id='word_1_291' title='bbox 856 2950 976 3002; x_wconf 85' lang='lat' dir='ltr'>R1F‚</span> <span class='ocrx_word' id='word_1_292' title='bbox 991 2953 1147 2994; x_wconf 78' lang='lat' dir='ltr'>seclusi</span> <span class='ocrx_word' id='word_1_293' title='bbox 1159 2958 1210 2994; x_wconf 75' lang='lat' dir='ltr'>ut</span> <span class='ocrx_word' id='word_1_294' title='bbox 1223 2954 1536 2995; x_wconf 74' lang='lat' dir='ltr'>sententiarum</span> <span class='ocrx_word' id='word_1_295' title='bbox 1558 2968 1716 2996; x_wconf 78' lang='lat' dir='ltr'>nexum</span> <span class='ocrx_word' id='word_1_296' title='bbox 1739 2955 1984 2997; x_wconf 78' lang='lat' dir='ltr'>turbantia.</span> 
     </span>
     <span class='ocr_line' id='line_1_36' title="bbox 178 3021 1981 3078; baseline 0.003 -17"><span class='ocrx_word' id='word_1_297' title='bbox 178 3025 317 3072; x_wconf 76' lang='lat' dir='ltr'>erant,</span> <span class='ocrx_word' id='word_1_298' title='bbox 354 3021 523 3073; x_wconf 78' lang='lat' dir='ltr'>opinor,</span> <span class='ocrx_word' id='word_1_299' title='bbox 561 3022 663 3062; x_wconf 76' lang='lat' dir='ltr'>olim</span> <span class='ocrx_word' id='word_1_300' title='bbox 701 3022 927 3075; x_wconf 76' lang='lat' dir='ltr'>adscripta</span> <span class='ocrx_word' id='word_1_301' title='bbox 962 3023 1036 3075; x_wconf 81' lang='lat' dir='ltr'>eis,</span> <span class='ocrx_word' id='word_1_302' title='bbox 1064 3037 1175 3077; x_wconf 78' lang='lat' dir='ltr'>quae</span> <span class='ocrx_word' id='word_1_303' title='bbox 1196 3024 1338 3077; x_wconf 79' lang='lat' dir='ltr'>paulo</span> <span class='ocrx_word' id='word_1_304' title='bbox 1366 3038 1503 3077; x_wconf 82' lang='lat' dir='ltr'>supra</span> <span class='ocrx_word' id='word_1_305' title='bbox 1533 3025 1757 3078; x_wconf 66' lang='lat' dir='ltr'>leguntur:</span> <span class='ocrx_word' id='word_1_306' title='bbox 1793 3039 1981 3066; x_wconf 88' lang='lat' dir='ltr'>seorsum</span> 
     </span>
     <span class='ocr_line' id='line_1_37' title="bbox 176 3092 1980 3149; baseline 0.004 -18"><span class='ocrx_word' id='word_1_307' title='bbox 176 3094 319 3132; x_wconf 88' lang='lat' dir='ltr'>tamen</span> <span class='ocrx_word' id='word_1_308' title='bbox 341 3092 459 3132; x_wconf 91' lang='lat' dir='ltr'>illum</span> <span class='ocrx_word' id='word_1_309' title='bbox 487 3092 609 3144; x_wconf 84' lang='lat' dir='ltr'>quasi</span> <span class='ocrx_word' id='word_1_310' title='bbox 630 3094 798 3146; x_wconf 81' lang='lat' dir='ltr'>proprio</span> <span class='ocrx_word' id='word_1_311' title='bbox 815 3093 986 3135; x_wconf 88' lang='lat' dir='ltr'>nomine</span> <span class='ocrx_word' id='word_1_312' title='bbox 1003 3094 1230 3148; x_wconf 87' lang='lat' dir='ltr'>perhibent</span> <span class='ocrx_word' id='word_1_313' title='bbox 1291 3096 1340 3135; x_wconf 90' lang='lat'>16</span> <span class='ocrx_word' id='word_1_314' title='bbox 1356 3095 1537 3136; x_wconf 79' lang='lat' dir='ltr'>barbate</span> <span class='ocrx_word' id='word_1_315' title='bbox 1553 3095 1609 3145; x_wconf 81' lang='lat' dir='ltr'>R,</span> <span class='ocrx_word' id='word_1_316' title='bbox 1624 3095 1852 3138; x_wconf 86' lang='lat' dir='ltr'>barbarare</span> <span class='ocrx_word' id='word_1_317' title='bbox 1868 3097 1980 3149; x_wconf 83' lang='lat' dir='ltr'>MR,</span> 
     </span>
     <span class='ocr_line' id='line_1_38' title="bbox 179 3163 1979 3220; baseline 0.003 -17"><span class='ocrx_word' id='word_1_318' title='bbox 179 3163 231 3203; x_wconf 90' lang='lat'>18</span> <span class='ocrx_word' id='word_1_319' title='bbox 256 3163 435 3215; x_wconf 88' lang='lat' dir='ltr'>accipiat</span> <span class='ocrx_word' id='word_1_320' title='bbox 457 3164 633 3215; x_wconf 76' lang='lat' dir='ltr'>scripsi:</span> <span class='ocrx_word' id='word_1_321' title='bbox 656 3164 799 3216; x_wconf 89' lang='lat' dir='ltr'>accipe</span> <span class='ocrx_word' id='word_1_322' title='bbox 814 3164 912 3205; x_wconf 82' lang='lat' dir='ltr'>MR</span> <span class='ocrx_word' id='word_1_323' title='bbox 988 3166 1038 3205; x_wconf 87' lang='grc'>19</span> <span class='ocrx_word' id='word_1_324' title='bbox 1061 3165 1248 3206; x_wconf 86' lang='lat' dir='ltr'>incertus</span> <span class='ocrx_word' id='word_1_325' title='bbox 1265 3164 1392 3215; x_wconf 70' lang='lat' dir='ltr'>MRss,</span> <span class='ocrx_word' id='word_1_326' title='bbox 1417 3168 1557 3207; x_wconf 80' lang='lat' dir='ltr'>certus</span> <span class='ocrx_word' id='word_1_327' title='bbox 1572 3165 1635 3208; x_wconf 83' lang='lat' dir='ltr'>R¹</span> <span class='ocrx_word' id='word_1_328' title='bbox 1719 3167 1979 3220; x_wconf 67' lang='lat' dir='ltr'>incognitus.</span> 
     </span>
     <span class='ocr_line' id='line_1_39' title="bbox 174 3234 1983 3291; baseline 0.003 -19"><span class='ocrx_word' id='word_1_329' title='bbox 174 3245 404 3286; x_wconf 85' lang='lat' dir='ltr'>numquam</span> <span class='ocrx_word' id='word_1_330' title='bbox 427 3234 560 3287; x_wconf 75' lang='lat' dir='ltr'><strong><em>uulyo</em></strong></span> <span class='ocrx_word' id='word_1_331' title='bbox 634 3234 688 3276; x_wconf 87' lang='lat'>20</span> <span class='ocrx_word' id='word_1_332' title='bbox 709 3235 988 3288; x_wconf 86' lang='lat' dir='ltr'>intellegetur</span> <span class='ocrx_word' id='word_1_333' title='bbox 1003 3235 1077 3286; x_wconf 77' lang='lat' dir='ltr'>R3,</span> <span class='ocrx_word' id='word_1_334' title='bbox 1099 3235 1371 3288; x_wconf 79' lang='lat' dir='ltr'>intellegitur</span> <span class='ocrx_word' id='word_1_335' title='bbox 1391 3234 1508 3277; x_wconf 70' lang='grc' dir='ltr'>ΜΒ,1</span> <span class='ocrx_word' id='word_1_336' title='bbox 1580 3238 1632 3277; x_wconf 83' lang='grc'>27</span> <span class='ocrx_word' id='word_1_337' title='bbox 1658 3237 1744 3278; x_wconf 81' lang='lat' dir='ltr'>sit?</span> <span class='ocrx_word' id='word_1_338' title='bbox 1770 3238 1837 3278; x_wconf 87' lang='lat' dir='ltr'>cui</span> <span class='ocrx_word' id='word_1_339' title='bbox 1856 3238 1983 3291; x_wconf 72' lang='lat' dir='ltr'>Eny:</span> 
     </span>
     <span class='ocr_line' id='line_1_40' title="bbox 176 3303 1822 3361; baseline 0.004 -18"><span class='ocrx_word' id='word_1_340' title='bbox 176 3303 246 3353; x_wconf 85' lang='lat' dir='ltr'>sit,</span> <span class='ocrx_word' id='word_1_341' title='bbox 279 3305 344 3344; x_wconf 87' lang='lat' dir='ltr'>cui</span> <span class='ocrx_word' id='word_1_342' title='bbox 373 3305 505 3357; x_wconf 71' lang='lat' dir='ltr'><em>uulyo</em></span> <span class='ocrx_word' id='word_1_343' title='bbox 593 3305 646 3345; x_wconf 82' lang='lat'>28</span> <span class='ocrx_word' id='word_1_344' title='bbox 669 3305 954 3356; x_wconf 76' lang='lat' dir='ltr'>parenthesin</span> <span class='ocrx_word' id='word_1_345' title='bbox 982 3306 1203 3347; x_wconf 76' lang='lat' dir='ltr'>indicauit</span> <span class='ocrx_word' id='word_1_346' title='bbox 1231 3306 1355 3359; x_wconf 71' lang='lat' dir='ltr'>Eny:</span> <span class='ocrx_word' id='word_1_347' title='bbox 1385 3306 1528 3348; x_wconf 83' lang='lat' dir='ltr'>esset?</span> <span class='ocrx_word' id='word_1_348' title='bbox 1562 3307 1661 3361; x_wconf 88' lang='lat' dir='ltr'>quia</span> <span class='ocrx_word' id='word_1_349' title='bbox 1688 3308 1822 3361; x_wconf 70' lang='lat' dir='ltr'>uulyo</span> 
     </span>
    </p>
   </div>
  </div>
 </body>
</html>
