<?xml version="1.0" encoding="UTF-8"?>
<!DOCTYPE html PUBLIC "-//W3C//DTD XHTML 1.0 Transitional//EN"
    "http://www.w3.org/TR/xhtml1/DTD/xhtml1-transitional.dtd">
<html xmlns="http://www.w3.org/1999/xhtml" xml:lang="en" lang="en">
 <head>
  <title>
</title>
<meta http-equiv="Content-Type" content="text/html;charset=utf-8" />
  <meta name='ocr-system' content='tesseract 3.04.00' />
  <meta name='ocr-capabilities' content='ocr_page ocr_carea ocr_par ocr_line ocrx_word'/>
</head>
<body>
  <div class='ocr_page' id='page_1' title='image "./quintiseptimiflo47tertuoft_0519.png"; bbox 0 0 2248 3646; ppageno 0'>
   <div class='ocr_carea' id='block_1_1' title="bbox 103 1225 144 1257">
    <p class='ocr_par' dir='ltr' id='par_1_1' title="bbox 103 1225 144 1257">
     <span class='ocr_line' id='line_1_1' title="bbox 103 1225 144 1257; baseline 0.098 -4"><span class='ocrx_word' id='word_1_1' title='bbox 103 1225 144 1257; x_wconf 89' lang='lat'>10</span> 
     </span>
    </p>
   </div>
   <div class='ocr_carea' id='block_1_2' title="bbox 104 1652 144 1682">
    <p class='ocr_par' dir='ltr' id='par_1_2' title="bbox 104 1652 144 1682">
     <span class='ocr_line' id='line_1_2' title="bbox 104 1652 144 1682; baseline -0.025 0"><span class='ocrx_word' id='word_1_2' title='bbox 104 1652 144 1682; x_wconf 79' lang='lat'>15</span> 
     </span>
    </p>
   </div>
   <div class='ocr_carea' id='block_1_3' title="bbox 103 2078 143 2107">
    <p class='ocr_par' dir='ltr' id='par_1_3' title="bbox 103 2078 143 2107">
     <span class='ocr_line' id='line_1_3' title="bbox 103 2078 143 2107; baseline 0 0"><span class='ocrx_word' id='word_1_3' title='bbox 103 2078 143 2107; x_wconf 81' lang='lat'>20</span> 
     </span>
    </p>
   </div>
   <div class='ocr_carea' id='block_1_4' title="bbox 544 284 1983 341">
    <p class='ocr_par' dir='ltr' id='par_1_4' title="bbox 544 284 1983 341">
     <span class='ocr_line' id='line_1_4' title="bbox 544 284 1983 341; baseline 0.003 -16"><span class='ocrx_word' id='word_1_4' title='bbox 544 285 640 326; x_wconf 87' lang='lat' dir='ltr'>VII.</span> <span class='ocrx_word' id='word_1_5' title='bbox 674 284 937 326; x_wconf 87' lang='lat' dir='ltr'>Aduersus</span> <span class='ocrx_word' id='word_1_6' title='bbox 968 285 1280 327; x_wconf 85' lang='lat' dir='ltr'>Marcionem</span> <span class='ocrx_word' id='word_1_7' title='bbox 1311 286 1385 328; x_wconf 88' lang='lat' dir='ltr'>lib.</span> <span class='ocrx_word' id='word_1_8' title='bbox 1417 286 1505 327; x_wconf 87' lang='lat' dir='ltr'>IIII</span> <span class='ocrx_word' id='word_1_9' title='bbox 1538 287 1602 328; x_wconf 83' lang='lat'>18.</span> <span class='ocrx_word' id='word_1_10' title='bbox 1882 292 1983 341; x_wconf 83' lang='lat'>479</span> 
     </span>
    </p>
   </div>
   <div class='ocr_carea' id='block_1_5' title="bbox 171 441 1984 2379">
    <p class='ocr_par' dir='ltr' id='par_1_5' title="bbox 171 441 1984 2379">
     <span class='ocr_line' id='line_1_5' title="bbox 178 441 1983 510; baseline 0.003 -20"><span class='ocrx_word' id='word_1_11' title='bbox 178 441 260 510; x_wconf 87' lang='lat' dir='ltr'>[tu</span> <span class='ocrx_word' id='word_1_12' title='bbox 314 457 393 502; x_wconf 88' lang='lat' dir='ltr'>es,</span> <span class='ocrx_word' id='word_1_13' title='bbox 447 441 552 505; x_wconf 93' lang='lat' dir='ltr'>qui</span> <span class='ocrx_word' id='word_1_14' title='bbox 604 441 822 491; x_wconf 79' lang='lat' dir='ltr'>uenis?</span> <span class='ocrx_word' id='word_1_15' title='bbox 874 441 923 490; x_wconf 90' lang='lat' dir='ltr'>id</span> <span class='ocrx_word' id='word_1_16' title='bbox 964 443 1063 491; x_wconf 87' lang='lat' dir='ltr'>est:</span> <span class='ocrx_word' id='word_1_17' title='bbox 1119 442 1203 504; x_wconf 91' lang='lat' dir='ltr'>qui</span> <span class='ocrx_word' id='word_1_18' title='bbox 1252 445 1492 492; x_wconf 90' lang='lat' dir='ltr'>uenturus</span> <span class='ocrx_word' id='word_1_19' title='bbox 1541 459 1616 503; x_wconf 82' lang='lat' dir='ltr'>es3</span> <span class='ocrx_word' id='word_1_20' title='bbox 1671 459 1740 493; x_wconf 87' lang='lat' dir='ltr'>an</span> <span class='ocrx_word' id='word_1_21' title='bbox 1787 445 1983 495; x_wconf 88' lang='lat' dir='ltr'>alium</span> 
     </span>
     <span class='ocr_line' id='line_1_6' title="bbox 175 523 1982 593; baseline 0.002 -16"><span class='ocrx_word' id='word_1_22' title='bbox 175 528 615 592; x_wconf 73' lang='lat' dir='ltr'>expectamus?</span> <span class='ocrx_word' id='word_1_23' title='bbox 654 526 706 575; x_wconf 88' lang='lat' dir='ltr'>id</span> <span class='ocrx_word' id='word_1_24' title='bbox 745 528 843 575; x_wconf 79' lang='lat' dir='ltr'>est:</span> <span class='ocrx_word' id='word_1_25' title='bbox 883 540 941 575; x_wconf 89' lang='lat' dir='ltr'>an</span> <span class='ocrx_word' id='word_1_26' title='bbox 975 526 1103 576; x_wconf 84' lang='lat' dir='ltr'>alius</span> <span class='ocrx_word' id='word_1_27' title='bbox 1137 530 1215 576; x_wconf 87' lang='lat' dir='ltr'>est</span> <span class='ocrx_word' id='word_1_28' title='bbox 1245 523 1403 591; x_wconf 86' lang='lat' dir='ltr'>quem</span> <span class='ocrx_word' id='word_1_29' title='bbox 1431 532 1766 593; x_wconf 76' lang='lat' dir='ltr'>expectamus,</span> <span class='ocrx_word' id='word_1_30' title='bbox 1807 530 1850 579; x_wconf 91' lang='lat' dir='ltr'>si</span> <span class='ocrx_word' id='word_1_31' title='bbox 1887 546 1982 580; x_wconf 91' lang='lat' dir='ltr'>non</span> 
     </span>
     <span class='ocr_line' id='line_1_7' title="bbox 172 608 1984 677; baseline 0.001 -15"><span class='ocrx_word' id='word_1_32' title='bbox 172 615 227 662; x_wconf 89' lang='lat' dir='ltr'>tu</span> <span class='ocrx_word' id='word_1_33' title='bbox 260 626 312 661; x_wconf 86' lang='lat' dir='ltr'>es</span> <span class='ocrx_word' id='word_1_34' title='bbox 345 625 493 675; x_wconf 90' lang='lat' dir='ltr'>quem</span> <span class='ocrx_word' id='word_1_35' title='bbox 525 613 791 660; x_wconf 89' lang='lat' dir='ltr'>uenturum</span> <span class='ocrx_word' id='word_1_36' title='bbox 818 608 1188 677; x_wconf 74' lang='lat' dir='ltr'>expectamuSP]</span> <span class='ocrx_word' id='word_1_37' title='bbox 1223 612 1452 674; x_wconf 89' lang='lat' dir='ltr'>sperabat</span> <span class='ocrx_word' id='word_1_38' title='bbox 1477 613 1624 673; x_wconf 91' lang='lat' dir='ltr'>enim,</span> <span class='ocrx_word' id='word_1_39' title='bbox 1658 613 1789 663; x_wconf 88' lang='lat' dir='ltr'>sicut</span> <span class='ocrx_word' id='word_1_40' title='bbox 1813 629 1984 664; x_wconf 89' lang='lat' dir='ltr'>omnes</span> 
     </span>
     <span class='ocr_line' id='line_1_8' title="bbox 173 695 1983 763; baseline 0.002 -17"><span class='ocrx_word' id='word_1_41' title='bbox 173 697 518 761; x_wconf 78' lang='lat' dir='ltr'>opinabantur,</span> <span class='ocrx_word' id='word_1_42' title='bbox 573 710 628 745; x_wconf 93' lang='lat' dir='ltr'>ex</span> <span class='ocrx_word' id='word_1_43' title='bbox 674 695 999 744; x_wconf 85' lang='lat' dir='ltr'>similitudine</span> <span class='ocrx_word' id='word_1_44' title='bbox 1045 695 1455 746; x_wconf 81' lang='lat' dir='ltr'>documentorum</span> <span class='ocrx_word' id='word_1_45' title='bbox 1501 698 1728 761; x_wconf 88' lang='lat' dir='ltr'>potuisse</span> <span class='ocrx_word' id='word_1_46' title='bbox 1775 702 1824 748; x_wconf 91' lang='lat' dir='ltr'>et</span> <span class='ocrx_word' id='word_1_47' title='bbox 1874 715 1983 763; x_wconf 89' lang='lat' dir='ltr'>pro-</span> 
     </span>
     <span class='ocr_line' id='line_1_9' title="bbox 173 780 1983 846; baseline 0.002 -16"><span class='ocrx_word' id='word_1_48' title='bbox 173 782 371 846; x_wconf 88' lang='lat' dir='ltr'>phetam</span> <span class='ocrx_word' id='word_1_49' title='bbox 412 781 610 830; x_wconf 89' lang='lat' dir='ltr'>interim</span> <span class='ocrx_word' id='word_1_50' title='bbox 649 780 863 830; x_wconf 89' lang='lat' dir='ltr'>missum</span> <span class='ocrx_word' id='word_1_51' title='bbox 903 795 1029 840; x_wconf 89' lang='lat' dir='ltr'>esse,</span> <span class='ocrx_word' id='word_1_52' title='bbox 1070 796 1098 829; x_wconf 88' lang='lat' dir='ltr'>a</span> <span class='ocrx_word' id='word_1_53' title='bbox 1137 796 1232 844; x_wconf 91' lang='lat' dir='ltr'>quo</span> <span class='ocrx_word' id='word_1_54' title='bbox 1272 781 1400 845; x_wconf 81' lang='lat' dir='ltr'>alius</span> <span class='ocrx_word' id='word_1_55' title='bbox 1433 785 1583 841; x_wconf 90' lang='lat' dir='ltr'>esset,</span> <span class='ocrx_word' id='word_1_56' title='bbox 1622 782 1673 831; x_wconf 90' lang='lat' dir='ltr'>id</span> <span class='ocrx_word' id='word_1_57' title='bbox 1706 786 1782 833; x_wconf 86' lang='lat' dir='ltr'>est</span> <span class='ocrx_word' id='word_1_58' title='bbox 1811 785 1983 845; x_wconf 89' lang='lat' dir='ltr'>maior,</span> 
     </span>
     <span class='ocr_line' id='line_1_10' title="bbox 172 865 1981 932; baseline 0.002 -17"><span class='ocrx_word' id='word_1_59' title='bbox 172 868 257 931; x_wconf 87' lang='lat' dir='ltr'>qui</span> <span class='ocrx_word' id='word_1_60' title='bbox 293 869 537 915; x_wconf 86' lang='lat' dir='ltr'>uenturus</span> <span class='ocrx_word' id='word_1_61' title='bbox 576 865 943 930; x_wconf 80' lang='lat' dir='ltr'>expectabatur,</span> <span class='ocrx_word' id='word_1_62' title='bbox 984 865 1092 929; x_wconf 90' lang='lat' dir='ltr'>ipse</span> <span class='ocrx_word' id='word_1_63' title='bbox 1132 865 1329 915; x_wconf 85' lang='lat' dir='ltr'>scilicet</span> <span class='ocrx_word' id='word_1_64' title='bbox 1366 866 1611 918; x_wconf 76' lang='lat' dir='ltr'>dominus</span> <span class='ocrx_word' id='word_1_65' title='bbox 1665 871 1812 932; x_wconf 88' lang='lat' dir='ltr'>atque</span> <span class='ocrx_word' id='word_1_66' title='bbox 1855 869 1981 919; x_wconf 85' lang='lat' dir='ltr'>adeo</span> 
     </span>
     <span class='ocr_line' id='line_1_11' title="bbox 171 950 1984 1017; baseline 0.002 -16"><span class='ocrx_word' id='word_1_67' title='bbox 171 952 266 1001; x_wconf 93' lang='lat' dir='ltr'>hoc</span> <span class='ocrx_word' id='word_1_68' title='bbox 313 953 417 1001; x_wconf 88' lang='lat' dir='ltr'>erat</span> <span class='ocrx_word' id='word_1_69' title='bbox 453 950 688 1000; x_wconf 82' lang='lat' dir='ltr'>Iohannis</span> <span class='ocrx_word' id='word_1_70' title='bbox 735 950 1041 1011; x_wconf 84' lang='lat' dir='ltr'>scandalum,</span> <span class='ocrx_word' id='word_1_71' title='bbox 1091 951 1223 1015; x_wconf 89' lang='lat' dir='ltr'>quod</span> <span class='ocrx_word' id='word_1_72' title='bbox 1269 951 1533 1002; x_wconf 87' lang='lat' dir='ltr'>dubitabat</span> <span class='ocrx_word' id='word_1_73' title='bbox 1576 953 1744 1017; x_wconf 89' lang='lat' dir='ltr'>ipsum</span> <span class='ocrx_word' id='word_1_74' title='bbox 1783 955 1984 1004; x_wconf 89' lang='lat' dir='ltr'>uenisse</span> 
     </span>
     <span class='ocr_line' id='line_1_12' title="bbox 172 1036 1984 1105; baseline 0.002 -19"><span class='ocrx_word' id='word_1_75' title='bbox 172 1053 319 1100; x_wconf 91' lang='lat' dir='ltr'>quem</span> <span class='ocrx_word' id='word_1_76' title='bbox 352 1036 691 1100; x_wconf 83' lang='lat' dir='ltr'>expectabant,</span> <span class='ocrx_word' id='word_1_77' title='bbox 726 1051 872 1099; x_wconf 88' lang='lat' dir='ltr'>quem</span> <span class='ocrx_word' id='word_1_78' title='bbox 905 1051 960 1084; x_wconf 89' lang='lat' dir='ltr'>ex</span> <span class='ocrx_word' id='word_1_79' title='bbox 990 1036 1288 1099; x_wconf 86' lang='lat' dir='ltr'>praedicatis</span> <span class='ocrx_word' id='word_1_80' title='bbox 1320 1037 1691 1101; x_wconf 82' lang='lat' dir='ltr'>operationibus</span> <span class='ocrx_word' id='word_1_81' title='bbox 1717 1040 1984 1105; x_wconf 88' lang='lat' dir='ltr'>agnouisse</span> 
     </span>
     <span class='ocr_line' id='line_1_13' title="bbox 172 1119 1984 1189; baseline 0.002 -18"><span class='ocrx_word' id='word_1_82' title='bbox 172 1121 425 1171; x_wconf 85' lang='lat' dir='ltr'>debuerat.</span> <span class='ocrx_word' id='word_1_83' title='bbox 451 1121 587 1185; x_wconf 79' lang='lat' dir='ltr'>(aut)</span> <span class='ocrx_word' id='word_1_84' title='bbox 604 1123 662 1169; x_wconf 93' lang='lat' dir='ltr'>ut</span> <span class='ocrx_word' id='word_1_85' title='bbox 687 1119 916 1170; x_wconf 89' lang='lat' dir='ltr'>dominus</span> <span class='ocrx_word' id='word_1_86' title='bbox 943 1136 1031 1184; x_wconf 89' lang='lat' dir='ltr'>per</span> <span class='ocrx_word' id='word_1_87' title='bbox 1054 1121 1253 1170; x_wconf 88' lang='lat' dir='ltr'>easdem</span> <span class='ocrx_word' id='word_1_88' title='bbox 1280 1123 1590 1185; x_wconf 85' lang='lat' dir='ltr'>operationes</span> <span class='ocrx_word' id='word_1_89' title='bbox 1615 1124 1984 1189; x_wconf 87' lang='lat' dir='ltr'>agnoscendum</span> 
     </span>
     <span class='ocr_line' id='line_1_14' title="bbox 174 1206 1984 1272; baseline 0.001 -15"><span class='ocrx_word' id='word_1_90' title='bbox 174 1222 226 1257; x_wconf 90' lang='lat' dir='ltr'>se</span> <span class='ocrx_word' id='word_1_91' title='bbox 267 1206 572 1256; x_wconf 89' lang='lat' dir='ltr'>nuntiauerit</span> <span class='ocrx_word' id='word_1_92' title='bbox 605 1206 845 1255; x_wconf 81' lang='lat' dir='ltr'>Iohanni?</span> <span class='ocrx_word' id='word_1_93' title='bbox 879 1221 1003 1269; x_wconf 88' lang='lat' dir='ltr'>quae</span> <span class='ocrx_word' id='word_1_94' title='bbox 1043 1221 1154 1256; x_wconf 91' lang='lat' dir='ltr'>cum</span> <span class='ocrx_word' id='word_1_95' title='bbox 1189 1210 1419 1257; x_wconf 89' lang='lat' dir='ltr'>constent</span> <span class='ocrx_word' id='word_1_96' title='bbox 1448 1208 1729 1272; x_wconf 88' lang='lat' dir='ltr'>praedicata</span> <span class='ocrx_word' id='word_1_97' title='bbox 1760 1209 1810 1258; x_wconf 91' lang='lat' dir='ltr'>in</span> <span class='ocrx_word' id='word_1_98' title='bbox 1843 1209 1984 1259; x_wconf 85' lang='lat' dir='ltr'>Chri-</span> 
     </span>
     <span class='ocr_line' id='line_1_15' title="bbox 173 1290 1980 1357; baseline 0.001 -16"><span class='ocrx_word' id='word_1_99' title='bbox 173 1296 307 1342; x_wconf 85' lang='lat' dir='ltr'>stum</span> <span class='ocrx_word' id='word_1_100' title='bbox 346 1291 600 1351; x_wconf 80' lang='lat' dir='ltr'>creatoriS,</span> <span class='ocrx_word' id='word_1_101' title='bbox 641 1290 774 1340; x_wconf 87' lang='lat' dir='ltr'>sicut</span> <span class='ocrx_word' id='word_1_102' title='bbox 812 1291 872 1340; x_wconf 91' lang='lat' dir='ltr'>ad</span> <span class='ocrx_word' id='word_1_103' title='bbox 912 1291 1112 1356; x_wconf 87' lang='lat' dir='ltr'>singula</span> <span class='ocrx_word' id='word_1_104' title='bbox 1150 1292 1479 1353; x_wconf 77' lang='lat' dir='ltr'>ostendimUS,</span> <span class='ocrx_word' id='word_1_105' title='bbox 1520 1294 1642 1343; x_wconf 88' lang='lat' dir='ltr'>satis</span> <span class='ocrx_word' id='word_1_106' title='bbox 1672 1309 1980 1357; x_wconf 88' lang='lat' dir='ltr'>peruersum,</span> 
     </span>
     <span class='ocr_line' id='line_1_16' title="bbox 172 1376 1982 1444; baseline 0.001 -17"><span class='ocrx_word' id='word_1_107' title='bbox 172 1380 230 1427; x_wconf 89' lang='lat' dir='ltr'>ut</span> <span class='ocrx_word' id='word_1_108' title='bbox 269 1377 522 1427; x_wconf 85' lang='lat' dir='ltr'>Christum</span> <span class='ocrx_word' id='word_1_109' title='bbox 575 1392 669 1426; x_wconf 92' lang='lat' dir='ltr'>non</span> <span class='ocrx_word' id='word_1_110' title='bbox 717 1376 952 1426; x_wconf 88' lang='lat' dir='ltr'>creatoris</span> <span class='ocrx_word' id='word_1_111' title='bbox 998 1392 1086 1439; x_wconf 92' lang='lat' dir='ltr'>per</span> <span class='ocrx_word' id='word_1_112' title='bbox 1133 1392 1190 1426; x_wconf 89' lang='lat' dir='ltr'>ea</span> <span class='ocrx_word' id='word_1_113' title='bbox 1233 1377 1532 1427; x_wconf 85' lang='lat' dir='ltr'>renuntiarit</span> <span class='ocrx_word' id='word_1_114' title='bbox 1574 1378 1982 1444; x_wconf 85' lang='lat' dir='ltr'>intellegendum,</span> 
     </span>
     <span class='ocr_line' id='line_1_17' title="bbox 171 1461 1981 1527; baseline 0.001 -16"><span class='ocrx_word' id='word_1_115' title='bbox 171 1478 257 1526; x_wconf 88' lang='lat' dir='ltr'>per</span> <span class='ocrx_word' id='word_1_116' title='bbox 296 1477 419 1525; x_wconf 86' lang='lat' dir='ltr'>quae</span> <span class='ocrx_word' id='word_1_117' title='bbox 457 1461 618 1526; x_wconf 89' lang='lat' dir='ltr'>magis</span> <span class='ocrx_word' id='word_1_118' title='bbox 644 1461 899 1511; x_wconf 85' lang='lat' dir='ltr'>Christum</span> <span class='ocrx_word' id='word_1_119' title='bbox 931 1461 1166 1511; x_wconf 85' lang='lat' dir='ltr'>creatoris</span> <span class='ocrx_word' id='word_1_120' title='bbox 1199 1463 1402 1527; x_wconf 84' lang='lat' dir='ltr'>agnosci</span> <span class='ocrx_word' id='word_1_121' title='bbox 1435 1463 1783 1526; x_wconf 84' lang='lat' dir='ltr'>compellebat.</span> <span class='ocrx_word' id='word_1_122' title='bbox 1821 1465 1981 1513; x_wconf 84' lang='lat' dir='ltr'>mult-o</span> 
     </span>
     <span class='ocr_line' id='line_1_18' title="bbox 171 1547 1980 1612; baseline 0.002 -16"><span class='ocrx_word' id='word_1_123' title='bbox 171 1548 471 1612; x_wconf 80' lang='lat' dir='ltr'>peruersiuS,</span> <span class='ocrx_word' id='word_1_124' title='bbox 526 1547 569 1596; x_wconf 89' lang='lat' dir='ltr'>si</span> <span class='ocrx_word' id='word_1_125' title='bbox 614 1550 664 1596; x_wconf 88' lang='lat' dir='ltr'>et</span> <span class='ocrx_word' id='word_1_126' title='bbox 700 1547 1050 1596; x_wconf 90' lang='lat' dir='ltr'>testimonium</span> <span class='ocrx_word' id='word_1_127' title='bbox 1089 1547 1295 1597; x_wconf 85' lang='lat' dir='ltr'>Iohanni</span> <span class='ocrx_word' id='word_1_128' title='bbox 1332 1548 1561 1611; x_wconf 87' lang='lat' dir='ltr'>perhibet</span> <span class='ocrx_word' id='word_1_129' title='bbox 1611 1564 1706 1598; x_wconf 90' lang='lat' dir='ltr'>non</span> <span class='ocrx_word' id='word_1_130' title='bbox 1744 1548 1980 1601; x_wconf 87' lang='lat' dir='ltr'>Iohannis</span> 
     </span>
     <span class='ocr_line' id='line_1_19' title="bbox 175 1630 1980 1698; baseline 0.001 -16"><span class='ocrx_word' id='word_1_131' title='bbox 175 1633 418 1693; x_wconf 77' lang='lat' dir='ltr'>ChristuS,</span> <span class='ocrx_word' id='word_1_132' title='bbox 443 1632 716 1696; x_wconf 86' lang='lat' dir='ltr'>propheten</span> <span class='ocrx_word' id='word_1_133' title='bbox 738 1647 850 1681; x_wconf 91' lang='lat' dir='ltr'>eum</span> <span class='ocrx_word' id='word_1_134' title='bbox 876 1630 1189 1692; x_wconf 79' lang='lat' dir='ltr'>confirmanS,</span> <span class='ocrx_word' id='word_1_135' title='bbox 1214 1632 1367 1682; x_wconf 90' lang='lat' dir='ltr'>immo</span> <span class='ocrx_word' id='word_1_136' title='bbox 1394 1636 1444 1682; x_wconf 91' lang='lat' dir='ltr'>et</span> <span class='ocrx_word' id='word_1_137' title='bbox 1467 1649 1632 1697; x_wconf 90' lang='lat' dir='ltr'>supra,</span> <span class='ocrx_word' id='word_1_138' title='bbox 1657 1636 1714 1683; x_wconf 93' lang='lat' dir='ltr'>ut</span> <span class='ocrx_word' id='word_1_139' title='bbox 1730 1635 1980 1698; x_wconf 84' lang='lat' dir='ltr'>angelum,</span> 
     </span>
     <span class='ocr_line' id='line_1_20' title="bbox 172 1717 1982 1784; baseline 0.001 -18"><span class='ocrx_word' id='word_1_140' title='bbox 172 1718 401 1782; x_wconf 89' lang='lat' dir='ltr'>ingerens</span> <span class='ocrx_word' id='word_1_141' title='bbox 443 1718 593 1766; x_wconf 82' lang='lat' dir='ltr'>etiarn</span> <span class='ocrx_word' id='word_1_142' title='bbox 632 1717 876 1780; x_wconf 89' lang='lat' dir='ltr'>scriptum</span> <span class='ocrx_word' id='word_1_143' title='bbox 916 1732 1065 1782; x_wconf 89' lang='lat' dir='ltr'>super</span> <span class='ocrx_word' id='word_1_144' title='bbox 1100 1717 1211 1767; x_wconf 87' lang='lat' dir='ltr'>illo:</span> <span class='ocrx_word' id='word_1_145' title='bbox 1253 1733 1393 1768; x_wconf 90' lang='lat' dir='ltr'>ecce</span> <span class='ocrx_word' id='word_1_146' title='bbox 1432 1734 1539 1784; x_wconf 88' lang='lat' dir='ltr'>ego</span> <span class='ocrx_word' id='word_1_147' title='bbox 1579 1719 1767 1768; x_wconf 90' lang='lat' dir='ltr'>mitto</span> <span class='ocrx_word' id='word_1_148' title='bbox 1807 1735 1982 1784; x_wconf 87' lang='lat' dir='ltr'>ange-</span> 
     </span>
     <span class='ocr_line' id='line_1_21' title="bbox 173 1802 1980 1869; baseline 0.002 -17"><span class='ocrx_word' id='word_1_149' title='bbox 173 1806 299 1853; x_wconf 84' lang='lat' dir='ltr'>lum</span> <span class='ocrx_word' id='word_1_150' title='bbox 342 1817 542 1852; x_wconf 88' lang='lat' dir='ltr'>meum</span> <span class='ocrx_word' id='word_1_151' title='bbox 589 1805 731 1852; x_wconf 90' lang='lat' dir='ltr'>ante</span> <span class='ocrx_word' id='word_1_152' title='bbox 778 1802 1006 1852; x_wconf 87' lang='lat' dir='ltr'>faciem</span> <span class='ocrx_word' id='word_1_153' title='bbox 1047 1805 1233 1863; x_wconf 86' lang='lat' dir='ltr'>tuam,</span> <span class='ocrx_word' id='word_1_154' title='bbox 1287 1804 1397 1867; x_wconf 89' lang='lat' dir='ltr'>qui</span> <span class='ocrx_word' id='word_1_155' title='bbox 1435 1808 1778 1869; x_wconf 87' lang='lat' dir='ltr'>praeparet</span> <span class='ocrx_word' id='word_1_156' title='bbox 1814 1810 1980 1855; x_wconf 88' lang='lat' dir='ltr'>uiam</span> 
     </span>
     <span class='ocr_line' id='line_1_22' title="bbox 174 1887 1981 1951; baseline 0.002 -14"><span class='ocrx_word' id='word_1_157' title='bbox 174 1891 358 1947; x_wconf 89' lang='lat' dir='ltr'>tuam,</span> <span class='ocrx_word' id='word_1_158' title='bbox 399 1888 653 1951; x_wconf 84' lang='lat' dir='ltr'>eleganter</span> <span class='ocrx_word' id='word_1_159' title='bbox 692 1887 753 1936; x_wconf 89' lang='lat' dir='ltr'>ad</span> <span class='ocrx_word' id='word_1_160' title='bbox 793 1887 1099 1950; x_wconf 86' lang='lat' dir='ltr'>superiorem</span> <span class='ocrx_word' id='word_1_161' title='bbox 1140 1903 1342 1938; x_wconf 88' lang='lat' dir='ltr'>sensum</span> <span class='ocrx_word' id='word_1_162' title='bbox 1381 1889 1705 1942; x_wconf 88' lang='lat' dir='ltr'>scandalizati</span> <span class='ocrx_word' id='word_1_163' title='bbox 1743 1890 1981 1940; x_wconf 86' lang='lat' dir='ltr'>Iohannis</span> 
     </span>
     <span class='ocr_line' id='line_1_23' title="bbox 174 1972 1980 2036; baseline 0.002 -15"><span class='ocrx_word' id='word_1_164' title='bbox 174 1987 565 2022; x_wconf 88' lang='lat' dir='ltr'>commemorans</span> <span class='ocrx_word' id='word_1_165' title='bbox 582 1972 910 2036; x_wconf 87' lang='lat' dir='ltr'>prophetiam,</span> <span class='ocrx_word' id='word_1_166' title='bbox 934 1975 991 2021; x_wconf 90' lang='lat' dir='ltr'>ut</span> <span class='ocrx_word' id='word_1_167' title='bbox 1015 1972 1307 2022; x_wconf 84' lang='lat' dir='ltr'>confirmans</span> <span class='ocrx_word' id='word_1_168' title='bbox 1326 1988 1694 2036; x_wconf 83' lang='lat' dir='ltr'>praecursorem</span> <span class='ocrx_word' id='word_1_169' title='bbox 1711 1974 1980 2024; x_wconf 84' lang='lat' dir='ltr'>Iohannem</span> 
     </span>
     <span class='ocr_line' id='line_1_24' title="bbox 172 2057 1981 2124; baseline 0.003 -18"><span class='ocrx_word' id='word_1_170' title='bbox 172 2058 272 2106; x_wconf 88' lang='lat' dir='ltr'>iam</span> <span class='ocrx_word' id='word_1_171' title='bbox 310 2057 575 2107; x_wconf 88' lang='lat' dir='ltr'>aduenisse</span> <span class='ocrx_word' id='word_1_172' title='bbox 615 2058 925 2122; x_wconf 84' lang='lat' dir='ltr'>extingueret</span> <span class='ocrx_word' id='word_1_173' title='bbox 957 2058 1247 2122; x_wconf 85' lang='lat' dir='ltr'>scrupulum</span> <span class='ocrx_word' id='word_1_174' title='bbox 1279 2059 1682 2124; x_wconf 84' lang='lat' dir='ltr'>interrogationis</span> <span class='ocrx_word' id='word_1_175' title='bbox 1713 2059 1875 2111; x_wconf 84' lang='lat' dir='ltr'>illius:</span> <span class='ocrx_word' id='word_1_176' title='bbox 1913 2062 1981 2111; x_wconf 89' lang='lat' dir='ltr'>tu</span> 
     </span>
     <span class='ocr_line' id='line_1_25' title="bbox 175 2142 1981 2208; baseline 0.002 -17"><span class='ocrx_word' id='word_1_177' title='bbox 175 2159 253 2203; x_wconf 88' lang='lat' dir='ltr'>es,</span> <span class='ocrx_word' id='word_1_178' title='bbox 295 2143 399 2207; x_wconf 86' lang='lat' dir='ltr'>qui</span> <span class='ocrx_word' id='word_1_179' title='bbox 437 2142 640 2203; x_wconf 79' lang='lat' dir='ltr'>ueniS,</span> <span class='ocrx_word' id='word_1_180' title='bbox 682 2158 751 2192; x_wconf 92' lang='lat' dir='ltr'>an</span> <span class='ocrx_word' id='word_1_181' title='bbox 791 2143 985 2192; x_wconf 85' lang='lat' dir='ltr'>alium</span> <span class='ocrx_word' id='word_1_182' title='bbox 1019 2145 1461 2208; x_wconf 77' lang='lat' dir='ltr'>expectamus?</span> <span class='ocrx_word' id='word_1_183' title='bbox 1500 2159 1819 2208; x_wconf 87' lang='lat' dir='ltr'>praecursore</span> <span class='ocrx_word' id='word_1_184' title='bbox 1852 2145 1981 2195; x_wconf 87' lang='lat' dir='ltr'>enim</span> 
     </span>
     <span class='ocr_line' id='line_1_26' title="bbox 172 2227 1982 2294; baseline 0.002 -17"><span class='ocrx_word' id='word_1_185' title='bbox 172 2228 271 2277; x_wconf 83' lang='lat' dir='ltr'>iam</span> <span class='ocrx_word' id='word_1_186' title='bbox 309 2228 479 2277; x_wconf 90' lang='lat' dir='ltr'>functo</span> <span class='ocrx_word' id='word_1_187' title='bbox 521 2228 760 2287; x_wconf 87' lang='lat' dir='ltr'>officium,</span> <span class='ocrx_word' id='word_1_188' title='bbox 798 2231 1091 2291; x_wconf 87' lang='lat' dir='ltr'>praeparata</span> <span class='ocrx_word' id='word_1_189' title='bbox 1129 2227 1213 2277; x_wconf 87' lang='lat' dir='ltr'>uia</span> <span class='ocrx_word' id='word_1_190' title='bbox 1252 2229 1453 2288; x_wconf 90' lang='lat' dir='ltr'>domini,</span> <span class='ocrx_word' id='word_1_191' title='bbox 1502 2230 1609 2294; x_wconf 90' lang='lat' dir='ltr'>ipse</span> <span class='ocrx_word' id='word_1_192' title='bbox 1648 2233 1754 2280; x_wconf 86' lang='lat' dir='ltr'>erat</span> <span class='ocrx_word' id='word_1_193' title='bbox 1788 2230 1982 2280; x_wconf 82' lang='lat' dir='ltr'>intelle-</span> 
     </span>
     <span class='ocr_line' id='line_1_27' title="bbox 173 2313 1980 2379; baseline 0.002 -17"><span class='ocrx_word' id='word_1_194' title='bbox 173 2314 381 2379; x_wconf 87' lang='lat' dir='ltr'>gendus,</span> <span class='ocrx_word' id='word_1_195' title='bbox 415 2313 495 2363; x_wconf 91' lang='lat' dir='ltr'>cui</span> <span class='ocrx_word' id='word_1_196' title='bbox 521 2328 812 2378; x_wconf 88' lang='lat' dir='ltr'>praecursor</span> <span class='ocrx_word' id='word_1_197' title='bbox 842 2314 1226 2363; x_wconf 87' lang='lat' dir='ltr'>ministrauerat.</span> <span class='ocrx_word' id='word_1_198' title='bbox 1259 2314 1481 2364; x_wconf 89' lang='lat' dir='ltr'>maioris</span> <span class='ocrx_word' id='word_1_199' title='bbox 1515 2315 1717 2379; x_wconf 87' lang='lat' dir='ltr'>quidem</span> <span class='ocrx_word' id='word_1_200' title='bbox 1751 2316 1980 2365; x_wconf 85' lang='lat' dir='ltr'>omnibus</span> 
     </span>
    </p>
   </div>
   <div class='ocr_carea' id='block_1_6' title="bbox 172 2438 1980 2635">
    <p class='ocr_par' dir='ltr' id='par_1_6' title="bbox 172 2438 1980 2635">
     <span class='ocr_line' id='line_1_28' title="bbox 313 2438 1980 2496; baseline 0.001 -16"><span class='ocrx_word' id='word_1_201' title='bbox 313 2440 355 2492; x_wconf 91' lang='lat'>1]</span> <span class='ocrx_word' id='word_1_202' title='bbox 388 2439 487 2480; x_wconf 91' lang='lat' dir='ltr'>Luc.</span> <span class='ocrx_word' id='word_1_203' title='bbox 520 2440 558 2487; x_wconf 95' lang='lat'>7,</span> <span class='ocrx_word' id='word_1_204' title='bbox 585 2439 650 2480; x_wconf 83' lang='lat'>19.</span> <span class='ocrx_word' id='word_1_205' title='bbox 723 2440 767 2493; x_wconf 82' lang='lat'>4]</span> <span class='ocrx_word' id='word_1_206' title='bbox 792 2438 842 2480; x_wconf 84' lang='lat' dir='ltr'>cf.</span> <span class='ocrx_word' id='word_1_207' title='bbox 874 2438 973 2480; x_wconf 86' lang='lat' dir='ltr'>Luc.</span> <span class='ocrx_word' id='word_1_208' title='bbox 1006 2440 1043 2488; x_wconf 83' lang='lat'>9,</span> <span class='ocrx_word' id='word_1_209' title='bbox 1069 2440 1105 2482; x_wconf 94' lang='lat'>7.</span> <span class='ocrx_word' id='word_1_210' title='bbox 1188 2440 1256 2493; x_wconf 85' lang='lat'>13]</span> <span class='ocrx_word' id='word_1_211' title='bbox 1291 2440 1342 2481; x_wconf 87' lang='lat' dir='ltr'>cf.</span> <span class='ocrx_word' id='word_1_212' title='bbox 1373 2439 1472 2481; x_wconf 90' lang='lat' dir='ltr'>Luc.</span> <span class='ocrx_word' id='word_1_213' title='bbox 1507 2441 1544 2490; x_wconf 92' lang='lat'>7,</span> <span class='ocrx_word' id='word_1_214' title='bbox 1569 2441 1749 2483; x_wconf 79' lang='lat'><strong>27—28.</strong></span> <span class='ocrx_word' id='word_1_215' title='bbox 1833 2441 1899 2496; x_wconf 84' lang='lat'>15]</span> <span class='ocrx_word' id='word_1_216' title='bbox 1927 2441 1980 2483; x_wconf 89' lang='lat' dir='ltr'>cf.</span> 
     </span>
     <span class='ocr_line' id='line_1_29' title="bbox 172 2510 1978 2566; baseline 0.002 -14"><span class='ocrx_word' id='word_1_217' title='bbox 172 2511 272 2552; x_wconf 89' lang='lat' dir='ltr'>Luc.</span> <span class='ocrx_word' id='word_1_218' title='bbox 306 2511 342 2563; x_wconf 95' lang='lat'>7,</span> <span class='ocrx_word' id='word_1_219' title='bbox 373 2510 440 2551; x_wconf 82' lang='lat'>26.</span> <span class='ocrx_word' id='word_1_220' title='bbox 532 2512 601 2564; x_wconf 87' lang='lat'>16]</span> <span class='ocrx_word' id='word_1_221' title='bbox 627 2511 729 2552; x_wconf 90' lang='lat' dir='ltr'>Luc.</span> <span class='ocrx_word' id='word_1_222' title='bbox 763 2511 800 2560; x_wconf 91' lang='lat'>7,</span> <span class='ocrx_word' id='word_1_223' title='bbox 832 2510 898 2554; x_wconf 83' lang='lat'>27.</span> <span class='ocrx_word' id='word_1_224' title='bbox 987 2511 1055 2565; x_wconf 80' lang='lat'>20]</span> <span class='ocrx_word' id='word_1_225' title='bbox 1087 2511 1187 2552; x_wconf 89' lang='lat' dir='ltr'>Luc.</span> <span class='ocrx_word' id='word_1_226' title='bbox 1220 2512 1258 2560; x_wconf 91' lang='lat'>7,</span> <span class='ocrx_word' id='word_1_227' title='bbox 1292 2513 1356 2555; x_wconf 88' lang='grc'>19.</span> <span class='ocrx_word' id='word_1_228' title='bbox 1452 2512 1523 2566; x_wconf 81' lang='grc'>22]</span> <span class='ocrx_word' id='word_1_229' title='bbox 1558 2513 1609 2554; x_wconf 86' lang='lat' dir='ltr'>cs.</span> <span class='ocrx_word' id='word_1_230' title='bbox 1642 2513 1742 2554; x_wconf 89' lang='lat' dir='ltr'>Luc.</span> <span class='ocrx_word' id='word_1_231' title='bbox 1777 2515 1815 2566; x_wconf 88' lang='lat'>3,</span> <span class='ocrx_word' id='word_1_232' title='bbox 1846 2515 1894 2566; x_wconf 77' lang='lat'>43</span> <span class='ocrx_word' id='word_1_233' title='bbox 1927 2513 1978 2555; x_wconf 85' lang='lat' dir='ltr'>cf.</span> 
     </span>
     <span class='ocr_line' id='line_1_30' title="bbox 173 2581 961 2635; baseline -0.001 -12"><span class='ocrx_word' id='word_1_234' title='bbox 173 2582 242 2623; x_wconf 83' lang='lat' dir='ltr'>Es.</span> <span class='ocrx_word' id='word_1_235' title='bbox 274 2582 342 2633; x_wconf 88' lang='grc'>40,</span> <span class='ocrx_word' id='word_1_236' title='bbox 374 2582 411 2624; x_wconf 84' lang='grc'>3.</span> <span class='ocrx_word' id='word_1_237' title='bbox 501 2581 572 2635; x_wconf 84' lang='grc'>23]</span> <span class='ocrx_word' id='word_1_238' title='bbox 606 2581 660 2622; x_wconf 82' lang='lat' dir='ltr'>ef.</span> <span class='ocrx_word' id='word_1_239' title='bbox 690 2581 791 2623; x_wconf 90' lang='lat' dir='ltr'>Luc.</span> <span class='ocrx_word' id='word_1_240' title='bbox 824 2582 863 2634; x_wconf 89' lang='lat'>7,</span> <span class='ocrx_word' id='word_1_241' title='bbox 895 2582 961 2622; x_wconf 82' lang='lat'>28.</span> 
     </span>
    </p>
   </div>
   <div class='ocr_carea' id='block_1_7' title="bbox 172 2681 1982 3019">
    <p class='ocr_par' dir='ltr' id='par_1_7' title="bbox 172 2681 1982 3019">
     <span class='ocr_line' id='line_1_31' title="bbox 231 2681 1981 2735; baseline 0.002 -14"><span class='ocrx_word' id='word_1_242' title='bbox 231 2681 250 2721; x_wconf 95' lang='lat'>1</span> <span class='ocrx_word' id='word_1_243' title='bbox 291 2684 339 2721; x_wconf 89' lang='lat' dir='ltr'>tu</span> <span class='ocrx_word' id='word_1_244' title='bbox 378 2686 750 2735; x_wconf 83' lang='lat' dir='ltr'>es—expectamus</span> <span class='ocrx_word' id='word_1_245' title='bbox 787 2682 965 2725; x_wconf 76' lang='lat' dir='ltr'>seclusi:</span> <span class='ocrx_word' id='word_1_246' title='bbox 1006 2681 1273 2724; x_wconf 69' lang='lat' dir='ltr'>Tertulliani</span> <span class='ocrx_word' id='word_1_247' title='bbox 1309 2683 1422 2723; x_wconf 86' lang='lat' dir='ltr'>enim</span> <span class='ocrx_word' id='word_1_248' title='bbox 1459 2695 1506 2724; x_wconf 89' lang='lat' dir='ltr'>eo</span> <span class='ocrx_word' id='word_1_249' title='bbox 1541 2684 1686 2725; x_wconf 78' lang='lat' dir='ltr'>‘minus</span> <span class='ocrx_word' id='word_1_250' title='bbox 1730 2684 1981 2725; x_wconf 77' lang='lat' dir='ltr'>crediderim</span> 
     </span>
     <span class='ocr_line' id='line_1_32' title="bbox 173 2751 1981 2808; baseline 0.002 -15"><span class='ocrx_word' id='word_1_251' title='bbox 173 2765 259 2794; x_wconf 82' lang='lat' dir='ltr'>esse</span> <span class='ocrx_word' id='word_1_252' title='bbox 295 2751 374 2793; x_wconf 78' lang='lat' dir='ltr'>hoc</span> <span class='ocrx_word' id='word_1_253' title='bbox 409 2752 851 2805; x_wconf 75' lang='lat' dir='ltr'>interpretamentum,</span> <span class='ocrx_word' id='word_1_254' title='bbox 887 2754 995 2806; x_wconf 80' lang='lat' dir='ltr'>quia</span> <span class='ocrx_word' id='word_1_255' title='bbox 1032 2752 1147 2806; x_wconf 81' lang='lat' dir='ltr'>quod</span> <span class='ocrx_word' id='word_1_256' title='bbox 1178 2755 1376 2806; x_wconf 75' lang='lat' dir='ltr'>sequitur</span> <span class='ocrx_word' id='word_1_257' title='bbox 1406 2754 1517 2795; x_wconf 87' lang='lat' dir='ltr'>enim</span> <span class='ocrx_word' id='word_1_258' title='bbox 1550 2759 1694 2807; x_wconf 79' lang='lat' dir='ltr'>aperte</span> <span class='ocrx_word' id='word_1_259' title='bbox 1722 2755 1894 2808; x_wconf 72' lang='lat' dir='ltr'>respicit</span> <span class='ocrx_word' id='word_1_260' title='bbox 1924 2756 1981 2797; x_wconf 84' lang='lat' dir='ltr'>ad</span> 
     </span>
     <span class='ocr_line' id='line_1_33' title="bbox 172 2823 1979 2879; baseline 0.001 -15"><span class='ocrx_word' id='word_1_261' title='bbox 172 2823 310 2864; x_wconf 83' lang='lat' dir='ltr'>uerba</span> <span class='ocrx_word' id='word_1_262' title='bbox 339 2823 591 2878; x_wconf 86' lang='lat' dir='ltr'>simpliciter</span> <span class='ocrx_word' id='word_1_263' title='bbox 619 2824 837 2877; x_wconf 89' lang='lat' dir='ltr'>inquirens</span> <span class='ocrx_word' id='word_1_264' title='bbox 860 2837 947 2877; x_wconf 78' lang='lat' dir='ltr'>sqq.</span> <span class='ocrx_word' id='word_1_265' title='bbox 1037 2824 1061 2865; x_wconf 90' lang='grc'>6</span> <span class='ocrx_word' id='word_1_266' title='bbox 1094 2825 1164 2877; x_wconf 89' lang='lat' dir='ltr'>qui</span> <span class='ocrx_word' id='word_1_267' title='bbox 1196 2830 1399 2866; x_wconf 87' lang='lat' dir='ltr'>uenturus</span> <span class='ocrx_word' id='word_1_268' title='bbox 1431 2825 1747 2879; x_wconf 86' lang='lat' dir='ltr'>expectabatur,</span> <span class='ocrx_word' id='word_1_269' title='bbox 1778 2826 1868 2879; x_wconf 89' lang='lat' dir='ltr'>ipse</span> <span class='ocrx_word' id='word_1_270' title='bbox 1899 2828 1979 2867; x_wconf 89' lang='lat' dir='ltr'>sci-</span> 
     </span>
     <span class='ocr_line' id='line_1_34' title="bbox 173 2893 1982 2950; baseline 0.002 -16"><span class='ocrx_word' id='word_1_271' title='bbox 173 2895 276 2935; x_wconf 87' lang='lat' dir='ltr'>licet</span> <span class='ocrx_word' id='word_1_272' title='bbox 313 2893 510 2935; x_wconf 87' lang='lat' dir='ltr'>dominus</span> <span class='ocrx_word' id='word_1_273' title='bbox 546 2894 723 2948; x_wconf 77' lang='lat' dir='ltr'>scripsi:</span> <span class='ocrx_word' id='word_1_274' title='bbox 759 2895 851 2947; x_wconf 87' lang='lat' dir='ltr'>ipse</span> <span class='ocrx_word' id='word_1_275' title='bbox 889 2896 1054 2937; x_wconf 87' lang='lat' dir='ltr'>scilicet</span> <span class='ocrx_word' id='word_1_276' title='bbox 1091 2895 1301 2948; x_wconf 88' lang='lat' dir='ltr'>dominus,</span> <span class='ocrx_word' id='word_1_277' title='bbox 1341 2896 1413 2948; x_wconf 88' lang='lat' dir='ltr'>qui</span> <span class='ocrx_word' id='word_1_278' title='bbox 1442 2898 1647 2936; x_wconf 87' lang='lat' dir='ltr'>uenturus</span> <span class='ocrx_word' id='word_1_279' title='bbox 1680 2896 1982 2950; x_wconf 82' lang='lat' dir='ltr'>expectabatur</span> 
     </span>
     <span class='ocr_line' id='line_1_35' title="bbox 172 2964 1982 3019; baseline 0.001 -13"><span class='ocrx_word' id='word_1_280' title='bbox 172 2964 271 3007; x_wconf 83' lang='lat' dir='ltr'>MR</span> <span class='ocrx_word' id='word_1_281' title='bbox 357 2965 382 3007; x_wconf 81' lang='lat'>8</span> <span class='ocrx_word' id='word_1_282' title='bbox 414 2979 461 3006; x_wconf 87' lang='lat' dir='ltr'>ex</span> <span class='ocrx_word' id='word_1_283' title='bbox 485 2966 659 3018; x_wconf 80' lang='lat' dir='ltr'>scripsi:</span> <span class='ocrx_word' id='word_1_284' title='bbox 691 2968 734 3007; x_wconf 93' lang='lat' dir='ltr'>et</span> <span class='ocrx_word' id='word_1_285' title='bbox 756 2965 852 3008; x_wconf 78' lang='lat' dir='ltr'>MR</span> <span class='ocrx_word' id='word_1_286' title='bbox 940 2967 964 3008; x_wconf 87' lang='lat'>9</span> <span class='ocrx_word' id='word_1_287' title='bbox 989 2966 1197 3009; x_wconf 83' lang='lat' dir='ltr'>debuerat</span> <span class='ocrx_word' id='word_1_288' title='bbox 1224 2967 1399 3019; x_wconf 79' lang='lat' dir='ltr'>scripsi:</span> <span class='ocrx_word' id='word_1_289' title='bbox 1431 2966 1666 3008; x_wconf 87' lang='lat' dir='ltr'>debuerant</span> <span class='ocrx_word' id='word_1_290' title='bbox 1693 2967 1791 3010; x_wconf 80' lang='lat' dir='ltr'>MR</span> <span class='ocrx_word' id='word_1_291' title='bbox 1906 2971 1982 3009; x_wconf 88' lang='lat' dir='ltr'>aut</span> 
     </span>
    </p>
   </div>
   <div class='ocr_carea' id='block_1_8' title="bbox 173 3032 1980 3469">
    <p class='ocr_par' dir='ltr' id='par_1_8' title="bbox 173 3032 1980 3469">
     <span class='ocr_line' id='line_1_36' title="bbox 175 3032 1980 3113; baseline 0.002 -15"><span class='ocrx_word' id='word_1_292' title='bbox 175 3057 332 3099; x_wconf 78' lang='lat' dir='ltr'>addidi</span> <span class='ocrx_word' id='word_1_293' title='bbox 417 3058 470 3099; x_wconf 90' lang='lat'>10</span> <span class='ocrx_word' id='word_1_294' title='bbox 500 3057 695 3099; x_wconf 88' lang='lat' dir='ltr'>Iohanni.</span> <span class='ocrx_word' id='word_1_295' title='bbox 728 3071 835 3112; x_wconf 89' lang='lat' dir='ltr'>quae</span> <span class='ocrx_word' id='word_1_296' title='bbox 865 3059 996 3113; x_wconf 68' lang='lat' dir='ltr'>uulyo</span> <span class='ocrx_word' id='word_1_297' title='bbox 1113 3062 1309 3101; x_wconf 79' lang='lat' dir='ltr'>constent</span> <span class='ocrx_word' id='word_1_298' title='bbox 1337 3059 1393 3102; x_wconf 78' lang='lat' dir='ltr'>R.</span> <span class='ocrx_word' id='word_1_299' title='bbox 1428 3032 1594 3102; x_wconf 42' lang='lat' dir='ltr'>conste‘t</span> <span class='ocrx_word' id='word_1_300' title='bbox 1622 3059 1682 3100; x_wconf 88' lang='lat' dir='ltr'><em>M</em></span> <span class='ocrx_word' id='word_1_301' title='bbox 1706 3061 1831 3112; x_wconf 86' lang='lat' dir='ltr'>(corr.</span> <span class='ocrx_word' id='word_1_302' title='bbox 1862 3074 1916 3103; x_wconf 84' lang='lat' dir='ltr'>m.</span> <span class='ocrx_word' id='word_1_303' title='bbox 1942 3061 1980 3112; x_wconf 84' lang='lat'>1)</span> 
     </span>
     <span class='ocr_line' id='line_1_37' title="bbox 175 3129 1979 3183; baseline 0.001 -11"><span class='ocrx_word' id='word_1_304' title='bbox 175 3130 227 3172; x_wconf 84' lang='lat'>12</span> <span class='ocrx_word' id='word_1_305' title='bbox 260 3129 476 3172; x_wconf 89' lang='lat' dir='ltr'>Christum</span> <span class='ocrx_word' id='word_1_306' title='bbox 499 3129 553 3179; x_wconf 83' lang='lat' dir='ltr'>R,</span> <span class='ocrx_word' id='word_1_307' title='bbox 587 3130 782 3172; x_wconf 85' lang='lat' dir='ltr'>Christus</span> <span class='ocrx_word' id='word_1_308' title='bbox 806 3130 907 3172; x_wconf 71' lang='grc' dir='ltr'>ΜΕ</span> <span class='ocrx_word' id='word_1_309' title='bbox 1046 3144 1096 3172; x_wconf 87' lang='lat' dir='ltr'>ea</span> <span class='ocrx_word' id='word_1_310' title='bbox 1120 3131 1174 3178; x_wconf 82' lang='lat' dir='ltr'>R,</span> <span class='ocrx_word' id='word_1_311' title='bbox 1209 3144 1278 3172; x_wconf 88' lang='lat' dir='ltr'>eas</span> <span class='ocrx_word' id='word_1_312' title='bbox 1309 3131 1411 3173; x_wconf 83' lang='lat' dir='ltr'>MF</span> <span class='ocrx_word' id='word_1_313' title='bbox 1537 3131 1590 3173; x_wconf 87' lang='lat'>14</span> <span class='ocrx_word' id='word_1_314' title='bbox 1618 3130 1800 3173; x_wconf 90' lang='lat' dir='ltr'>Iohanni</span> <span class='ocrx_word' id='word_1_315' title='bbox 1830 3131 1885 3183; x_wconf 83' lang='lat' dir='ltr'>R,</span> <span class='ocrx_word' id='word_1_316' title='bbox 1916 3131 1979 3173; x_wconf 93' lang='lat' dir='ltr'>io-</span> 
     </span>
     <span class='ocr_line' id='line_1_38' title="bbox 173 3198 1978 3257; baseline -0.001 -14"><span class='ocrx_word' id='word_1_317' title='bbox 173 3203 336 3243; x_wconf 87' lang='lat' dir='ltr'>hannes</span> <span class='ocrx_word' id='word_1_318' title='bbox 366 3200 468 3242; x_wconf 86' lang='lat' dir='ltr'>MF</span> <span class='ocrx_word' id='word_1_319' title='bbox 598 3202 650 3243; x_wconf 87' lang='lat'>15</span> <span class='ocrx_word' id='word_1_320' title='bbox 680 3202 809 3242; x_wconf 87' lang='lat' dir='ltr'>immo</span> <span class='ocrx_word' id='word_1_321' title='bbox 842 3205 885 3243; x_wconf 88' lang='lat' dir='ltr'>et</span> <span class='ocrx_word' id='word_1_322' title='bbox 914 3215 1053 3257; x_wconf 87' lang='lat' dir='ltr'>supra,</span> <span class='ocrx_word' id='word_1_323' title='bbox 1085 3203 1139 3254; x_wconf 81' lang='lat' dir='ltr'>cf.</span> <span class='ocrx_word' id='word_1_324' title='bbox 1164 3198 1279 3243; x_wconf 72' lang='lat' dir='ltr'>Luc.</span> <span class='ocrx_word' id='word_1_325' title='bbox 1316 3205 1354 3251; x_wconf 79' lang='lat'>7,</span> <span class='ocrx_word' id='word_1_326' title='bbox 1387 3204 1449 3244; x_wconf 79' lang='lat'>26</span> <span class='ocrx_word' id='word_1_327' title='bbox 1486 3201 1552 3241; x_wconf 81' lang='grc' dir='ltr'>ναὶ</span> <span class='ocrx_word' id='word_1_328' title='bbox 1591 3202 1655 3242; x_wconf 75' lang='grc' dir='ltr'>καὶ</span> <span class='ocrx_word' id='word_1_329' title='bbox 1691 3201 1978 3256; x_wconf 73' lang='grc' dir='ltr'>περισσότερον</span> 
     </span>
     <span class='ocr_line' id='line_1_39' title="bbox 173 3269 1979 3327; baseline 0.001 -16"><span class='ocrx_word' id='word_1_330' title='bbox 173 3269 385 3326; x_wconf 78' lang='grc' dir='ltr'>προφήτου</span> <span class='ocrx_word' id='word_1_331' title='bbox 460 3270 510 3313; x_wconf 91' lang='grc'>17</span> <span class='ocrx_word' id='word_1_332' title='bbox 540 3274 766 3327; x_wconf 86' lang='lat' dir='ltr'>praeparet</span> <span class='ocrx_word' id='word_1_333' title='bbox 795 3272 850 3326; x_wconf 80' lang='lat' dir='ltr'>R,</span> <span class='ocrx_word' id='word_1_334' title='bbox 881 3276 1155 3327; x_wconf 82' lang='lat' dir='ltr'>praepararet</span> <span class='ocrx_word' id='word_1_335' title='bbox 1178 3273 1245 3322; x_wconf 89' lang='lat' dir='ltr'>M,</span> <span class='ocrx_word' id='word_1_336' title='bbox 1275 3273 1548 3327; x_wconf 89' lang='lat' dir='ltr'>praeparabit</span> <span class='ocrx_word' id='word_1_337' title='bbox 1572 3272 1752 3314; x_wconf 83' lang='lat' dir='ltr'>PamN</span> <span class='ocrx_word' id='word_1_338' title='bbox 1810 3273 1863 3313; x_wconf 81' lang='lat'>22</span> <span class='ocrx_word' id='word_1_339' title='bbox 1893 3272 1979 3314; x_wconf 85' lang='lat' dir='ltr'>iam</span> 
     </span>
     <span class='ocr_line' id='line_1_40' title="bbox 175 3341 1979 3398; baseline 0.001 -16"><span class='ocrx_word' id='word_1_340' title='bbox 175 3341 239 3382; x_wconf 83' lang='lat' dir='ltr'>bis</span> <span class='ocrx_word' id='word_1_341' title='bbox 260 3342 319 3382; x_wconf 81' lang='lat' dir='ltr'><em>M</em></span> <span class='ocrx_word' id='word_1_342' title='bbox 392 3342 445 3384; x_wconf 83' lang='lat'>23</span> <span class='ocrx_word' id='word_1_343' title='bbox 475 3343 807 3385; x_wconf 86' lang='lat' dir='ltr'>ministrauerat.</span> <span class='ocrx_word' id='word_1_344' title='bbox 831 3344 966 3385; x_wconf 91' lang='lat' dir='ltr'>maior</span> <span class='ocrx_word' id='word_1_345' title='bbox 988 3345 1023 3385; x_wconf 89' lang='lat' dir='ltr'>is</span> <span class='ocrx_word' id='word_1_346' title='bbox 1046 3345 1224 3398; x_wconf 80' lang='lat' dir='ltr'>scripsi:</span> <span class='ocrx_word' id='word_1_347' title='bbox 1251 3345 1570 3385; x_wconf 85' lang='lat' dir='ltr'>ministrauerat</span> <span class='ocrx_word' id='word_1_348' title='bbox 1592 3343 1743 3385; x_wconf 87' lang='lat' dir='ltr'>maiori</span> <span class='ocrx_word' id='word_1_349' title='bbox 1765 3342 1831 3395; x_wconf 89' lang='lat' dir='ltr'>M,</span> <span class='ocrx_word' id='word_1_350' title='bbox 1853 3343 1979 3384; x_wconf 85' lang='lat' dir='ltr'>mini-</span> 
     </span>
     <span class='ocr_line' id='line_1_41' title="bbox 174 3414 780 3469; baseline 0.005 -16"><span class='ocrx_word' id='word_1_351' title='bbox 174 3414 398 3464; x_wconf 85' lang='lat' dir='ltr'>strauerat,</span> <span class='ocrx_word' id='word_1_352' title='bbox 428 3416 562 3456; x_wconf 89' lang='lat' dir='ltr'>maior</span> <span class='ocrx_word' id='word_1_353' title='bbox 591 3414 780 3469; x_wconf 70' lang='lat' dir='ltr'>Ruuzqo</span> 
     </span>
    </p>
   </div>
  </div>
 </body>
</html>
