2248 3646
185 223 287 273 382
550 221 747 273 'Quinti
782 220 1012 276 Septimi
1043 221 1319 265 Florentis
1352 223 1685 268 Tertulliani

185 381 311 431 duas
338 380 511 445 itaque
539 395 721 431 causas
746 381 1035 447 prophetici
1061 382 1253 447 eloquii
1280 383 1462 450 adlego
1492 386 1839 452 agnoscendas
1873 390 2054 441 abhinc

184 468 492 519 aduersariis
519 469 734 519 nostris:
761 485 932 530 unam,
952 484 1050 534 qua
1074 470 1246 521 futura
1268 471 1524 523 interdum
1549 489 1638 538 pro
1664 474 1764 525 iam
1782 477 2053 529 transactis

184 557 526 607 enuntiantur.
567 552 682 606 nam
723 559 774 607 et
813 556 1072 608 diuinitati
1105 559 1353 623 competit
1385 576 1736 627 quaecumque
1773 563 2056 616 decreuerit

184 649 241 695 ut
279 644 506 710 perfecta
544 647 800 711 reputare,
844 645 963 711 quia
1003 661 1101 696 non
1142 646 1210 696 sit
1250 647 1383 713 apud
1422 648 1566 699 illam
1607 649 1890 701 differentia
1928 655 2054 703 tem-

184 733 338 797 poriS,
374 733 510 799 apud
543 749 694 799 quam
729 733 1023 790 uniformen
1059 736 1253 785 statum
1293 738 1540 802 temporis
1575 738 1750 805 dirigit
1782 743 2053 792 aeternitas
2102 757 2122 789 5

182 822 309 885 ipsa,
358 823 408 871 et
455 820 762 872 diuinationi
808 821 1136 887 'propheticae
1181 823 1346 890 magis
1394 824 1644 876 familiare
1692 830 1771 877 est
1806 828 1875 888 id,
1919 831 2053 895 quod

181 908 479 973 prospiciat,
514 908 635 959 dum
668 909 935 974 prospicit,
968 909 1070 960 iam
1103 910 1276 961 uisum
1309 914 1462 977 atque
1496 912 1568 963 ita
1597 914 1700 964 iam
1727 919 2052 983 expunctum,

182 997 234 1046 id
282 999 361 1048 est
409 998 546 1048 omni
591 997 743 1049 modo
792 997 1042 1057 futurum,
1093 998 1456 1061 demonstrare,
1507 1001 1643 1052 sicut
1688 1019 1776 1069 per
1822 1004 2050 1057 Esaiam:

183 1084 426 1135 dorsum
460 1101 652 1135 meum
681 1085 863 1150 posui
887 1085 945 1135 in
972 1086 1244 1152 flagella,
1271 1087 1556 1139 maxillas
1584 1091 1782 1141 autem
1809 1107 1967 1142 meas
1994 1093 2050 1143 in

183 1174 433 1240 palmaS,
477 1173 695 1224 faciem
727 1189 915 1224 meam
948 1189 1092 1225 uero
1128 1190 1238 1225 non
1280 1176 1477 1226 auerti
1511 1192 1539 1226 a
1571 1178 2046 1243 sputaminibus.
2085 1196 2120 1226 10

184 1261 294 1311 siue
339 1261 472 1311 enim
515 1261 752 1313 Christus
801 1262 902 1311 iam
943 1264 1067 1313 tunc
1106 1263 1156 1313 in
1204 1263 1559 1330 semetipsum,
1609 1266 1891 1318 secundum
1939 1285 2049 1331 noS,

184 1350 294 1400 siue
330 1350 606 1416 prophetes
647 1349 706 1399 de
742 1348 1037 1415 semetipse,
1081 1350 1365 1402 secundum
1396 1351 1632 1419 Iudaeos,
1673 1355 2047 1419 pronuntiabat,

182 1437 409 1488 nondum
448 1440 620 1488 tamen
661 1438 853 1488 factum
894 1453 983 1504 pro
1023 1437 1125 1487 iam
1156 1434 1414 1491 transacto
1451 1440 1679 1492 sonabat.
1720 1441 1819 1492 alia
1851 1444 2047 1509 species

185 1525 296 1587 erit,
340 1542 440 1590 qua
477 1526 718 1591 pleraque
750 1525 965 1591 figurate
999 1526 1374 1592 portenduntur
1405 1543 1493 1594 per
1525 1529 1817 1596 aenigmata
1849 1533 1900 1581 et
1931 1532 2047 1583 alle-

185 1614 351 1679 gorias
389 1617 438 1664 et
469 1614 755 1679 parabolas,
799 1614 946 1664 aliter
976 1614 1321 1681 intellegenda
1353 1631 1505 1680 quam
1538 1617 1729 1683 scripta
1761 1621 1890 1669 sunt.
1933 1635 2046 1670 narn
2079 1634 2118 1665 15

184 1704 232 1751 et
257 1705 457 1751 montes
483 1702 707 1769 legimus
735 1702 1086 1753 destillaturos
1120 1703 1397 1765 dulcorem,
1431 1721 1527 1755 non
1560 1707 1747 1768 tamen,
1781 1709 1840 1757 ut
1871 1723 2045 1773 sapam

184 1789 243 1839 de
277 1788 435 1855 petris
470 1793 559 1840 aut
599 1789 860 1840 defrutum
902 1790 962 1840 de
1001 1790 1216 1858 rupibus
1258 1807 1450 1858 spereS,
1494 1796 1543 1843 et
1581 1794 1767 1844 terram
1808 1794 2045 1846 audimus

180 1877 310 1928 lacte
345 1880 394 1927 et
433 1877 587 1928 melle
627 1881 937 1939 manantem,
977 1879 1100 1945 <non
1133 1880 1351 1946 tamem>
1389 1882 1450 1931 ut
1481 1880 1540 1932 de
1574 1881 1738 1948 glebis
1781 1883 1954 1934 credas
1994 1886 2045 1935 te

181 1980 425 2030 umquam
459 1966 720 2032 placentas
757 1968 807 2015 et
839 1964 1038 2017 Samias
1073 1969 1387 2030 coacturum,
1423 1968 1542 2034 quia
1571 1984 1663 2019 nec
1697 1970 1873 2021 statim
1906 1972 2045 2037 aqui-

179 2053 328 2104 licem
357 2056 408 2104 et
434 2054 713 2120 agricolam
739 2069 793 2104 se
822 2053 946 2106 deus
980 2055 1276 2119 repromisit
1309 2055 1507 2108 dicens:
1541 2073 1754 2123 ponam
1787 2058 2044 2111 flumina
2074 2072 2114 2103 20

181 2141 235 2191 in
277 2141 526 2207 regione
569 2142 813 2193 sitienti
849 2145 907 2194 et
945 2142 1002 2193 in
1044 2144 1383 2195 solitudine
1424 2145 1642 2196 buxum
1686 2148 1743 2197 et
1776 2146 2040 2206 cedrum3

182 2229 318 2279 sicut
350 2231 400 2280 et
431 2228 728 2294 praedicans
764 2229 824 2280 de
856 2231 1121 2281 nationum
1163 2232 1517 2284 conuersione:
1559 2234 1918 2286 benedicent
1955 2252 2042 2287 me

180 2317 415 2368 bestiae
456 2317 601 2384 agri,
645 2317 876 2368 sirenes
925 2321 982 2369 et
1028 2318 1200 2370 filiae
1239 2335 1573 2386 passerum,
1622 2337 1721 2373 non
1765 2323 1940 2389 utique
1981 2324 2040 2373 ab

179 2404 509 2456 hirundinum
563 2405 718 2472 pullis
767 2408 819 2456 et
863 2407 1158 2472 uulpeculis
1208 2410 1259 2458 et
1303 2407 1409 2460 illis
1464 2411 1809 2461 monstruosis
1847 2411 2042 2462 fabulo-

181 2494 353 2558 sisque
396 2493 706 2544 cantricibus
748 2493 918 2544 fausta
959 2494 1130 2546 omina
1167 2496 1422 2548 relaturus
1464 2500 1554 2548 est.
1595 2500 1645 2548 et
1685 2498 1807 2563 quid
1847 2499 2040 2565 ego‘de
2073 2509 2113 2542 25

178 2581 278 2631 isto
313 2597 494 2647 genere
528 2581 782 2647 amplius?
824 2598 940 2634 cum
976 2584 1131 2634 etiam
1163 2584 1536 2636 haereticorum
1569 2587 1836 2652 apostolus
1876 2588 2041 2653 ipsam

176 2669 344 2734 legem
378 2669 732 2736 indulgentem
764 2670 928 2721 bobus
962 2671 1248 2722 terentibus
1290 2688 1352 2725 os·
1375 2673 1596 2724 liberum
1627 2690 1724 2725 non
1758 2675 1817 2725 de
1857 2675 2039 2738 bobus,

180 2757 267 2806 sed
320 2756 378 2806 de
434 2757 581 2809 nobis
628 2758 1010 2824 interpretetur,
1053 2762 1103 2809 et
1147 2763 1363 2826 petram,
1412 2762 1556 2826 potui
1605 2762 2038 2815 subministrando

322 2889 366 2943 9]
400 2888 474 2930 Es.
507 2889 575 2942 50,
610 2890 648 2931 6.
742 2890 808 2942 16]
844 2889 895 2931 cf.
928 2889 1020 2931 Ioel
1054 2890 1093 2940 3,
1130 2890 1193 2932 18.
1289 2891 1358 2946 17]
1394 2890 1446 2933 cf.
1479 2891 1614 2933 Exod.
1649 2892 1688 2945 3,
1721 2892 1759 2934 8.
1857 2894 1929 2948 20]
1965 2895 2036 2936 Ee.

175 2961 244 3014 41,
282 2962 344 3003 19.
466 2961 539 3016 22]
571 2962 641 3004 Es.
682 2963 751 3017 43,
792 2963 860 3005 20.
1002 2962 1072 3018 27]
1108 2963 1162 3004 cf.
1194 2962 1216 3004 Ι
1249 2963 1346 3007 Cor.
1381 2964 1421 3017 9,
1455 2964 1610 3006 9-10,
1645 2964 1697 3006 cf.
1731 2966 1861 3007 Deut.
1896 2969 1934 3014 5,
1968 2967 2034 3010 25.

175 3035 245 3089 28]
282 3034 333 3078 cf.
366 3034 387 3076 Ι
421 3033 516 3076 Cor.
553 3035 618 3089 10,
651 3037 690 3076 4.

235 3140 258 3180 5
291 3140 536 3192 temporum
569 3138 684 3180 Pam
774 3139 798 3179 6
831 3138 939 3193 ipsa.
974 3142 1018 3180 et
1049 3140 1183 3193 uulyo
1276 3140 1329 3182 10
1362 3153 1463 3182 uero
1497 3153 1579 3182 om.
1610 3141 1659 3183 F
1732 3141 1781 3183 17
1815 3141 2033 3185 defrutum

175 3210 308 3264 IlIR3,
350 3209 595 3252 defructum
634 3210 690 3265 F,
730 3211 918 3254 fructum
957 3212 1018 3255 13¹
1132 3214 1182 3255 18
1220 3227 1306 3255 non
1349 3217 1494 3255 tamen
1537 3214 1640 3256 add.
1681 3214 1757 3264 ΗΒ,
1798 3214 1878 3257 om.
1918 3216 2049 3260 MR1-

179 3286 228 3326 19
256 3284 422 3326 Samias
440 3284 551 3339 MR,
578 3285 767 3339 psomias
792 3285 885 3327 Lat
975 3290 1196 3328 cocturam
1215 3286 1471 3341 Leopozclus
1547 3288 1597 3328 21
1626 3287 1671 3328 in
1696 3287 1793 3343 (alt.
1821 3289 1930 3343 loco)
1952 3304 2031 3333 om.

174 3356 222 3397 F
337 3356 508 3399 cedrum
545 3360 588 3399 et
618 3358 776 3400 buxum
815 3358 926 3400 ‘Pam
1021 3360 1076 3401 24
1108 3359 1341 3414 uulpiculis
1374 3359 1433 3401 M
1548 3360 1846 3415 fabulosisque
1878 3373 1958 3402 om.
1990 3359 2038 3400 F

175 3430 228 3472 26
263 3430 533 3471 ethnicorum
566 3430 660 3472 Lat
749 3430 801 3473 27
834 3431 974 3473 bobus
1008 3432 1208 3488 (utroque
1240 3433 1348 3483 loco)
1382 3433 1448 3487 M,
1481 3432 1621 3475 bubus
1654 3433 1845 3489 122020190
