2248 3646
41 1250 78 1280 10

42 1675 79 1705 15

39 2100 79 2131 20

39 2524 78 2555 25

503 308 557 351 Π.
589 308 659 349 De
694 307 876 350 Carnis
908 308 1315 349 Resurrectione
1346 309 1526 349 55—56.
1827 313 1923 361 115

109 466 207 515 iam
245 463 501 530 fastigium
539 463 784 522 induerat,
840 464 928 514 sed
967 479 1061 514 non
1101 463 1197 513 alia
1235 479 1399 528 genua
1436 464 1729 528 lapidationi
1768 466 1926 516 succi-

111 550 294 600 derant.
342 549 574 600 dominus
623 564 820 613 quoque
865 550 914 598 in
954 564 1157 598 secessu
1204 549 1388 598 montis
1436 550 1586 599 etiam
1626 551 1927 601 uestimenta

108 637 219 685 luce
255 638 554 695 mutauerat,
596 634 684 684 sed
721 623 1016 684 liniamenta
1053 634 1201 683 Petro
1243 634 1573 698 agnoscibilia
1613 638 1922 693 seruauerat;

109 721 195 769 ubi
233 720 384 770 etiam
424 719 626 784 Moyses
666 721 716 768 et
753 718 945 779 Heliae,
993 720 1118 768 alter
1154 719 1203 767 in
1243 719 1460 784 imagine
1508 720 1666 769 carnis
1707 720 1922 770 nondum

108 807 332 869 receptae
378 805 504 854 alter
547 804 597 853 in
645 804 858 853 ueritate
906 804 1125 853 nondum
1173 803 1449 865 defunctae,
1505 804 1710 853 eandem
1759 808 1925 854 tamen

108 890 452 940 habitudinem
499 889 717 953 corporis
765 889 917 939 etiam
961 889 1010 938 in
1058 888 1217 953 gloria
1261 904 1578 953 perseuerare
1632 889 1922 942 docuerunt.

110 976 167 1025 de
213 991 309 1040 quo
357 975 578 1039 exemplo
625 975 903 1024 instructus
954 977 1002 1024 et
1040 974 1251 1024 Paulus:
1302 975 1399 1038 qui
1439 974 1923 1040 transfigurabit,

108 1060 285 1124 inquit,
325 1075 537 1124 corpus
585 1059 955 1109 humilitatis
1003 1063 1243 1109 nostrae
1283 1060 1649 1109 conformale
1689 1060 1923 1125 corpori

110 1145 334 1211 gloriae
375 1160 530 1194 suae.
566 1145 746 1209 quodsi
778 1148 828 1194 et
858 1144 1349 1210 transfigurationem
1384 1148 1432 1194 et
1465 1145 1840 1195 conuersionem
1872 1146 1920 1194 in

108 1230 373 1280 transitum
399 1230 709 1280 substantiae
736 1230 980 1294 cuiusque
1006 1229 1248 1290 defendis,
1275 1245 1391 1294 ergo
1419 1233 1467 1278 et
1493 1229 1677 1280 Saulus
1694 1230 1741 1279 in
1769 1230 1919 1280 alium

108 1315 269 1364 uirum
302 1330 575 1365 conuersus
609 1315 667 1364 de
701 1330 903 1378 corpore
936 1330 1027 1365 suo
1060 1316 1305 1364 excessit?
1338 1318 1388 1365 et
1418 1315 1526 1378 ipse
1560 1318 1775 1374 satanae,
1810 1331 1921 1365 cum

108 1401 155 1449 in
187 1401 418 1466 angelum
457 1401 585 1451 lucis
617 1400 1018 1466 transfiguratur,
1060 1400 1354 1464 qualitatem
1389 1416 1530 1450 suam
1570 1401 1789 1450 amittit?
1827 1416 1922 1450 non

109 1486 295 1549 opinor.
332 1486 405 1534 ita
449 1488 500 1535 et
535 1485 583 1534 in
622 1486 1000 1535 resurrectionis
1049 1486 1235 1535 euentu
1278 1486 1465 1535 mutari
1512 1486 1737 1536 conuerti
1773 1486 1923 1535 refor—

109 1571 230 1620 mari
267 1570 441 1619 licebit
479 1584 592 1620 cum
633 1572 794 1620 salute
835 1570 1159 1620 substantiae.

179 1657 261 1706 56.
300 1656 495 1705 Etenim
530 1671 678 1719 quam
712 1656 999 1714 absurdum,
1040 1670 1188 1719 quam
1221 1670 1338 1704 uero
1380 1660 1430 1704 et
1459 1654 1701 1718 iniquum,
1734 1659 1922 1705 utrum-

110 1756 202 1805 que
249 1745 416 1790 autem
462 1756 611 1804 quam
665 1740 755 1790 deo
808 1741 1088 1805 indignum,
1142 1740 1292 1789 aliam
1347 1739 1680 1790 substantiam
1734 1740 1923 1804 operari

110 1826 258 1875 aliam
301 1826 529 1875 mercede
577 1825 830 1890 dispungi,
884 1830 942 1875 ut
986 1826 1107 1875 haec
1154 1824 1356 1888 quidem
1402 1839 1512 1874 caro
1560 1840 1645 1889 per
1688 1825 1925 1888 martyria

107 1911 319 1960 lanietur
369 1911 466 1960 alia
521 1926 639 1961 uero
688 1914 963 1971 coronetur,
1017 1911 1138 1959 item
1186 1925 1210 1959 e
1258 1910 1500 1959 contrario
1555 1910 1676 1959 haec
1722 1910 1922 1973 quidem

109 2010 219 2045 caro
249 1995 299 2044 in
332 1996 587 2059 spurcitiis
621 1996 881 2045 uolutetur
918 1996 1014 2045 alia
1056 2011 1174 2045 uero
1208 1995 1481 2045 damnetur.
1514 2010 1672 2045 nonne
1703 1998 1923 2058 praestat

110 2095 302 2130 omnem
348 2082 504 2131 semel
548 2081 697 2130 fidem
745 2097 771 2130 a
817 2097 902 2146 spe
949 2081 1327 2131 resurrectionis
1376 2080 1619 2130 abducere
1667 2097 1814 2145 quam
1863 2081 1921 2130 de

107 2166 352 2231 grauitate
391 2169 541 2230 atque
579 2167 775 2216 iustitia
815 2165 893 2217 dei
930 2167 1139 2217 ludere?
1185 2167 1489 2216 Marcionem
1530 2183 1615 2232 pro
1658 2167 1919 2218 Valentino

105 2252 423 2301 resuscitari?
477 2252 669 2315 quando
724 2267 883 2315 neque
936 2255 1152 2301 mentem
1201 2268 1358 2317 neque
1407 2254 1698 2302 memoriam
1760 2268 1918 2316 neque

108 2336 460 2386 conscientiam
500 2336 719 2386 hominis
765 2337 991 2387 hodierni
1033 2337 1270 2387 credibile
1322 2337 1388 2386 sit
1434 2338 1620 2387 aboleri
1658 2353 1744 2401 per
1781 2337 1921 2386 indu-

107 2423 329 2470 mentum
395 2421 523 2472 illud
590 2423 920 2472 mutatorium
987 2422 1363 2472 inmortalitatis
1426 2426 1475 2471 et
1540 2422 1919 2487 incorruptelae,

107 2508 342 2556 uacaturo
383 2507 577 2556 seilicet
608 2508 944 2557 emolumento
986 2511 1036 2556 et
1071 2508 1238 2558 fructu
1277 2508 1657 2557 resurrectionis
1699 2510 1747 2557 et
1785 2511 1920 2556 statu

110 2589 264 2640 diuini
296 2592 562 2656 utrobique
592 2592 781 2642 iudicii.
821 2593 863 2641 si
902 2608 997 2642 non
1029 2594 1341 2642 meminerim
1374 2608 1452 2642 me
1486 2607 1595 2642 esse
1629 2593 1712 2656 qui
1744 2592 1918 2650 merui,

111 2676 357 2739 quomodo
411 2677 619 2742 gloriam
674 2678 763 2728 deo
819 2678 1016 2728 dicam?
1078 2679 1326 2743 quomodo
1382 2693 1551 2727 canam
1605 2678 1680 2727 illi
1732 2693 1917 2727 nouum

110 2761 372 2821 canticum,
420 2763 645 2812 nesciens
693 2778 771 2811 me
813 2778 921 2812 esse
962 2763 1046 2826 qui
1087 2764 1300 2828 gratiam
1340 2763 1579 2812 debeam?
1626 2777 1714 2812 cur
1752 2766 1917 2811 autem

111 2845 265 2894 solius
305 2846 465 2896 carnis
499 2846 775 2896 demutatio
817 2848 1074 2911 excipitur,
1122 2862 1218 2897 non
1266 2851 1316 2897 et
1353 2848 1545 2897 animae
1585 2848 1752 2908 simul,
1795 2863 1918 2912 quae

248 2985 291 3039 2]
326 2986 377 3029 cf.
408 2986 563 3027 Matth.
599 2987 663 3034 17,
696 2987 819 3028 3-8.
909 2984 947 3040 7]
982 2987 1090 3029 Phil.
1124 2989 1162 3037 3,
1195 2988 1261 3028 21.
1363 2987 1428 3042 11]
1464 2987 1515 3029 cf.
1548 2987 1590 3028 ΙΙ
1624 2986 1716 3029 Cor.
1752 2988 1814 3037 11,
1853 2989 1915 3029 14.

109 3054 180 3108 27]
215 3055 265 3096 cf.
296 3055 366 3096 Ps.
399 3057 466 3108 70,
498 3056 523 3096 8
641 3056 692 3097 cf.
727 3057 855 3111 Apoc.
890 3059 927 3105 5,
961 3057 999 3099 9.

169 3141 188 3181 1
206 3140 461 3193 lapidationi
478 3141 574 3194 PF,
594 3141 856 3195 lapidatione
873 3142 941 3194 M,
959 3143 1001 3183 in
1018 3142 1283 3197 lapidatione
1300 3143 1342 3184 B
1401 3144 1423 3184 7
1442 3142 1769 3197 transfigurabit
1784 3142 1914 3183 Pam:

109 3210 430 3264 transfigurauit
447 3212 589 3253 PMF
643 3212 667 3253 8
684 3213 896 3254 conforme
913 3214 1004 3254 fieri
1023 3213 1103 3255 Gez
1161 3215 1184 3255 9
1203 3213 1355 3267 quodsi
1374 3216 1416 3255 et
1429 3213 1529 3255 Gez:
1547 3213 1659 3267 quod
1677 3217 1720 3254 et
1737 3213 1923 3254 siPMF

114 3280 163 3322 10
188 3280 338 3323 Saulus
361 3283 479 3336 Eny:
507 3283 607 3324 Saul
630 3283 772 3325 PMF
856 3285 903 3325 11
932 3285 1121 3326 excessit.
1140 3288 1183 3326 et
1198 3285 1328 3339 uulyo
1412 3287 1462 3326 12
1488 3285 1660 3326 amittit.
1680 3298 1764 3325 non
1787 3284 1918 3337 uulyo

114 3351 163 3392 13
203 3355 358 3393 euentu
390 3353 537 3406 Ram).-
577 3357 776 3395 euentum
807 3355 949 3396 PMF
1049 3357 1097 3396 15
1140 3360 1182 3397 et
1220 3356 1410 3408 iniquum
1449 3356 1494 3402 C,
1535 3356 1752 3397 ethnicum
1781 3353 1924 3395 PMF

115 3422 162 3462 17
194 3423 385 3464 mercede
409 3423 527 3476 FRQ
558 3424 794 3466 mercedem
818 3425 915 3466 PM
943 3429 1067 3477 (corr.
1099 3440 1151 3468 vi.
1177 3430 1219 3478 1)
1245 3426 1306 3469 ΕΙ
1383 3428 1434 3468 27
1462 3428 1671 3468 canticum
1696 3439 1853 3467 nouum
1876 3424 1923 3465 F

1809 3509 1858 3548 8*
