2248 3646
231 234 337 288 486
605 230 795 283 Quinti
828 232 1056 289 Septimi
1087 233 1363 277 Florentis
1396 235 1730 281 Tertulliani

231 394 308 445 ita
337 409 455 445 eum
488 409 542 445 se
576 395 626 444 et
655 393 766 460 ipse
800 394 1137 456 confirmauit,
1173 411 1324 461 quem
1359 396 1779 465 adcognouerunt
1811 400 2100 464 daemones,

234 483 425 545 lesum,
463 480 653 533 iudicis
696 483 747 533 et
784 482 971 534 ultoris
1013 483 1095 534 dei
1134 483 1315 535 filium.
1366 485 1500 535 Ecce
1549 485 1742 552 aliquid
1791 488 1841 538 et
1888 488 1949 539 de
1995 488 2102 539 illis

232 568 612 635 pusillitatibus
639 571 691 621 et
713 569 1103 622 infirmitatibus
1122 571 1366 623 creatoris
1384 572 1436 622 in
1456 572 1659 625 Christo
1678 604 1748 610 --
1765 574 2104 641 ignorantiam

232 656 370 708 enim
432 660 483 708 et
545 673 638 726 ego
701 658 990 710 adscribere
1052 659 1098 710 ei
1150 659 1295 721 uolo;
1343 661 1627 725 permittite
1674 662 1803 712 mihi
1856 663 2104 715 aduersus

234 745 552 796 haereticum
591 763 686 796 -ε
727 745 960 814 tangitur
999 763 1028 798 a
1065 746 1270 811 femina,
1312 763 1442 814 quae
1484 749 1731 817 sanguine
1764 750 2020 815 fluitabat,
2056 754 2107 803 et
2156 770 2175 802 5

232 832 457 885 nesciuit
489 850 516 884 a
549 849 663 900 qua.
699 834 845 899 quis
887 850 996 897 me,
1029 834 1212 901 inquit,
1246 835 1518 904 tetigit?
1553 837 1708 889 etiam
1742 840 2106 891 excusantibus

234 919 504 987 discipulis
558 924 857 988 perseuerat
908 923 958 973 in
1012 923 1329 990 ignorantiae
1382 940 1532 975 uoce:
1590 925 1827 992 tetigit
1865 942 1958 978 me
2000 928 2106 978 ali-

235 1008 405 1074 quis,
446 1008 601 1076 idque
643 1009 702 1060 de
745 1013 1047 1078 argumento
1090 1011 1345 1063 adfirmat:
1383 1014 1560 1064 sensi
1594 1013 1756 1064 enim
1788 1014 2106 1066 uirtutem

234 1111 304 1146 ex
343 1111 435 1146 me
475 1096 859 1162 profectam.
909 1097 1032 1163 quid
1079 1097 1207 1148 dicit
1251 1099 1575 1150 haereticus?
1624 1100 1883 1151 sciebatne
1935 1117 2106 1167 perso-

234 1187 387 1234 nam?
429 1186 479 1234 et
519 1200 609 1236 cur
641 1185 787 1250 quasi
819 1185 1062 1253 ignorans
1095 1186 1438 1252 loquebatur?
1471 1190 1531 1238 111
1562 1188 1936 1240 confessionem
1972 1195 2108 1240 certe
2139 1210 2179 1239 10

233 1274 554 1338 prouocaret,
606 1275 668 1324 ut
711 1273 950 1324 timorem
997 1274 1355 1340 <re>probaret.
1402 1275 1478 1327 sic
1526 1278 1577 1327 et
1623 1276 1787 1328 Adam
1834 1277 2107 1343 aliquando

234 1361 528 1426 quaesierat
565 1360 814 1428 <creator>
855 1362 1002 1428 quasi
1039 1362 1302 1430 ignorans:
1328 1362 1523 1414 Adam
1562 1364 1675 1415 ubi
1715 1367 1816 1416 es‘?
1857 1365 2016 1417 habes
2059 1368 2110 1416 et

236 1450 518 1500 creatorem.
561 1464 677 1500 611111
720 1448 923 1501 Christo
967 1453 1264 1501 excusatum
1309 1453 1359 1501 et
1400 1451 1664 1503 Christum
1705 1452 1922 1504 creatori
1964 1452 2109 1504 adae-

236 1538 470 1603 quatum.
519 1536 627 1587 ‘sed
668 1539 718 1588 et
763 1537 877 1600 hoc,
928 1554 1026 1605 qua
1076 1538 1402 1591 aduersarius
1450 1540 1600 1606 legis,
1650 1542 1724 1603 ut,
1782 1542 1902 1606 quia
1954 1541 2032 1592 lex
2082 1558 2108 1591 a

235 1626 477 1677 contactu
513 1626 869 1693 sanguinantis
901 1627 1122 1678 feminae
1157 1630 1466 1689 summouet,
1500 1628 1690 1679 idcirco
1735 1629 1971 1695 gestierit
2010 1646 2107 1681 non
2144 1645 2179 1677 15

234 1714 438 1763 tantum
472 1716 767 1765 contactum
802 1714 910 1766 eius
946 1715 1233 1778 admittere,
1267 1715 1356 1767 sed
1391 1716 1546 1767 etiam
1579 1717 1854 1768 sanitatem
1889 1717 2105 1769 donare’.

235 1817 263 1853 0
313 1800 464 1851 deum
505 1817 603 1852 non
644 1804 826 1852 natura
863 1802 1165 1866 beneficum,
1209 1803 1298 1854 sed
1346 1804 1715 1856 aemulatione!
1766 1806 1819 1856 at
1867 1805 2016 1868 enim,
2066 1806 2110 1856 si

237 1889 392 1943 fidem
432 1890 667 1943 mulieris
707 1890 1001 1942 inuenimus
1041 1891 1114 1942 ita
1152 1891 1422 1955 meruisse,
1463 1907 1581 1943 cum
1615 1893 1760 1944 dixit:
1798 1893 1970 1945 fides
2003 1896 2110 1944 tua

237 1983 304 2032 te
337 1982 591 2033 saluam
622 1980 804 2042 fecit,
841 1979 956 2046 quis
993 1996 1063 2043 es,
1098 1982 1158 2031 ut
1182 1980 1578 2032 aemulationem
1602 1981 1735 2049 legis
1759 1981 2110 2048 interpreteris

236 2069 287 2119 in
325 2069 428 2121 isto
462 2070 617 2130 facto,
652 2067 789 2134 quod
818 2069 931 2134 ipse
965 2067 1203 2120 dominus
1237 2084 1294 2120 ex
1326 2069 1444 2120 fidei
1474 2069 1882 2122 remuneratione
1916 2069 2109 2121 editum
2139 2087 2179 2119 20

239 2157 505 2209 ostendit?
567 2156 658 2208 sed
703 2156 834 2208 hanc
881 2156 962 2208 uis
1009 2156 1242 2209 mulieris
1283 2156 1436 2208 fidem
1479 2158 1807 2221 constituere,
1858 2174 1957 2224 qua
1997 2174 2112 2210 con—

239 2248 523 2312 tempserat
573 2246 759 2312 legem.
810 2247 860 2296 et
907 2245 991 2296 cui
1040 2244 1298 2306 credibile,
1347 2249 1405 2295 ut
1458 2246 1644 2297 mulier
1695 2246 1890 2297 nullius
1946 2246 2112 2298 adhuc

238 2333 415 2400 (noui)
456 2333 538 2384 dei
577 2332 800 2394 conscia,
841 2332 1035 2383 nullius
1078 2333 1244 2384 adhuc
1292 2348 1454 2384 nouae
1502 2333 1633 2400 legis
1679 2333 1898 2391 initiata,
1944 2334 2111 2402 legem

239 2424 561 2488 inrumperet
587 2437 714 2484 eam,
750 2421 832 2472 cui
859 2420 1024 2472 adhuc
1049 2421 1352 2472 tenebatur?
1380 2438 1479 2488 qua
1504 2421 1720 2487 denique
1753 2421 1851 2473 fide
1881 2421 2111 2489 inrupit?

240 2511 292 2561 in
342 2526 495 2577 quem
543 2510 696 2561 deum
746 2509 992 2561 credens?
1041 2510 1123 2560 cui
1164 2525 1403 2575 spernens
1446 2512 1760 2561 creatorem?
1803 2512 1937 2561 certe
1978 2509 2110 2561 enirn
2142 2528 2183 2560 25

242 2614 302 2650 ex
331 2597 432 2649 fide
463 2597 655 2665 tetigit.
693 2596 735 2648 si
768 2612 831 2648 ex
864 2596 961 2648 fide
996 2597 1257 2660 creatoris,
1286 2614 1415 2663 quae
1450 2597 1608 2648 alium
1643 2597 1795 2648 deum
1826 2598 2110 2665 ignorabat,

242 2686 501 2753 quomodo
548 2686 718 2754 legem
775 2685 885 2737 eius
932 2685 1161 2752 inrupit?
1209 2687 1317 2736 tam
1365 2685 1499 2736 enim
1546 2685 1755 2752 inrupit,
1811 2685 1856 2736 si
1901 2685 2109 2752 inrupit,

393 2786 433 2842 5]
472 2786 525 2829 cf.
557 2786 662 2828 Luc.
698 2786 740 2836 8,
771 2785 959 2829 43—48.
1146 2786 1187 2840 6]
1220 2784 1324 2828 Luc.
1356 2787 1396 2841 8,
1427 2786 1498 2827 45.
1675 2786 1804 2840 7—9]
1834 2785 1938 2828 Luc.
1971 2785 2010 2837 8,
2041 2786 2111 2829 46.

248 2859 318 2916 12]
353 2858 460 2902 Gen.
494 2861 534 2910 3,
568 2860 605 2902 9.
703 2859 771 2914 15]
806 2859 859 2901 cf.
891 2859 998 2902 Leu.
1033 2859 1100 2913 15,
1136 2860 1318 2903 19—24.
1413 2859 1483 2915 18]
1517 2859 1621 2902 Luc.
1653 2861 1692 2911 8,
1724 2859 1796 2902 48.

307 2948 328 2990 1
356 2947 736 2992 *confirmauitM
814 2947 1177 3003 adcognouerunt
1193 2948 1260 3003 M,
1280 2948 1643 3004 cognoueruntR
1717 2947 1917 2991 2iudicis
1934 2948 2113 3003 scripsi:

245 3022 437 3064 iudicem
461 3021 562 3066 MR
645 3021 671 3064 3
690 3021 987 3077 parenthesin
1010 3022 1239 3065 indicauit
1262 3022 1367 3079 Εηρ
1457 3022 1505 3065 11
1533 3022 1790 3078 reprobaret
1812 3022 1992 3076 scripsi:
2015 3035 2112 3077 pro—

247 3096 375 3138 baret
397 3095 498 3139 MR
562 3095 615 3137 12
642 3096 812 3139 creator
838 3095 1001 3138 addidi
1027 3091 1100 3149 (cf.
1129 3096 1156 3138 l.
1184 3099 1212 3138 3
1237 3100 1277 3138 et
1299 3098 1372 3150 13)
1437 3096 1490 3139 14
1517 3109 1602 3150 qua
1621 3096 1750 3151 Eny:
1775 3096 1851 3150 qui
1872 3095 1987 3150 MR,
2013 3096 2115 3151 quia

250 3168 508 3224 Leopoldus
570 3169 623 3212 15
650 3169 956 3223 sanguinantis
981 3167 1170 3211 feminae
1187 3169 1254 3221 M,
1280 3169 1468 3212 feminae
1491 3169 1800 3224 sanguinantis
1816 3169 1860 3211 R
1922 3168 1974 3211 16
1998 3169 2113 3211 sani-

249 3245 387 3285 tatem
403 3242 461 3297 R,
488 3243 680 3284 sanitate
697 3241 755 3284 M
776 3244 815 3296 (e
840 3242 890 3284 in
910 3245 1037 3296 ras),
1056 3242 1247 3285 sanitate
1269 3243 1425 3298 <eam>
1443 3243 1549 3297 fort.
1610 3243 1664 3286 23
1690 3243 1794 3285 noui
1819 3241 1992 3292 addidi,
2010 3243 2113 3298 Eny

250 3316 426 3358 mauult
455 3328 597 3372 supra
627 3315 852 3370 supplere:
882 3315 1046 3358 nullius
1073 3316 1248 3371 <611116>
1276 3317 1350 3371 (cf.
1383 3315 1410 3358 l.
1446 3318 1525 3368 26)
1636 3316 1691 3358 25
1724 3316 1792 3357 cui
1823 3318 1894 3370 (z
1925 3328 2030 3358 wem
2057 3328 2113 3357 zu

250 3389 402 3441 Liebe)
422 3403 629 3446 spernens
648 3392 887 3432 creatorem
904 3389 972 3440 M,
1000 3403 1127 3444 quem
1152 3389 1390 3445 spernens?
1417 3391 1656 3432 creatorem
1673 3388 1865 3444 Ruulyo
1925 3389 1979 3431 27
2006 3401 2111 3443 quo-

251 3461 379 3504 modo
411 3462 592 3518 scripsi:
624 3464 669 3505 et
700 3461 916 3517 quomodo
942 3462 1054 3512 MR,
1089 3462 1356 3517 ecquomodo
1388 3461 1601 3505 Oehlerus
1684 3463 1776 3504 tam
1798 3461 1858 3515 R,
1888 3464 2037 3504 tamen
2059 3459 2119 3502 M
