2248 3646
90 1216 129 1246 10

87 1642 128 1674 15

85 2067 125 2099 20

77 2493 119 2523 25

505 278 599 318 VII.
632 277 894 318 Aduersus
926 276 1238 318 Marcionem
1270 275 1342 318 lib.
1375 275 1667 318 111115—16.
1876 277 1978 326 469

167 436 432 499 disciplina
454 433 722 498 patientiae
753 432 1067 496 praedicatur
1097 446 1247 495 penes
1281 433 1586 479 creatorem?
1621 430 1662 480 si
1685 446 1772 494 per
1795 431 1979 479 Zacha-

165 522 286 570 riam
333 518 606 584 praecepit:
662 532 731 566 ne
777 517 1225 580 unusquisque
1270 515 1561 565 malitiae
1608 516 1831 565 fratris
1881 517 1977 565 sui

164 604 542 664 meminerit,
575 633 643 637 ——
677 602 761 652 sed
793 617 881 651 nec
912 602 1145 666 proximi;
1179 616 1292 650 nam
1326 603 1375 650 et
1404 616 1600 650 rursus:
1642 600 1975 660 malitiam,

163 690 345 754 inquit,
400 687 674 754 proximi
731 687 830 737 sui
890 686 1341 749 unusquisque
1402 701 1472 735 ne
1531 686 1857 749 recogitet
1904 714 1975 720 ›—

163 776 322 825 multo
355 775 514 839 magis
547 773 839 838 patientiam
870 771 1046 821 indixit
1076 771 1286 821 iniuriae
1326 771 1411 834 qui
1448 770 1625 820 indixit
1657 769 1976 819 obliuionem.

165 861 251 910 sed
292 863 341 909 et
380 875 492 909 cum
533 859 675 908 dicit:
726 857 880 907 mihi
925 856 1300 916 uindictam,
1349 858 1409 905 et
1454 871 1563 920 ego
1611 855 1974 915 uindicabO,

161 945 366 1010 proinde
404 943 695 1008 patientiam
737 942 899 1002 docet,
931 941 1186 990 uindictae
1219 940 1618 1005 expectatricem.
1650 940 1699 988 in
1734 941 1975 1003 quantum

161 1047 276 1096 ergo
316 1030 463 1079 fidem
503 1045 598 1079 non
639 1027 787 1093 capit,
835 1029 892 1076 ut
930 1017 1063 1075 idem
1102 1026 1333 1075 uideatur
1372 1025 1574 1075 oculum
1614 1040 1700 1089 pro
1742 1025 1886 1074 oculo
1928 1025 1977 1073 et

161 1116 359 1165 dentem
411 1130 499 1178 pro
548 1115 693 1163 dente
738 1114 788 1162 in
834 1113 999 1162 uicem
1044 1111 1253 1160 iniuriae
1300 1110 1509 1176 exigere,
1565 1110 1646 1173 qui
1693 1125 1789 1159 non
1826 1108 1973 1158 modo

160 1202 333 1251 uicem«
363 1201 452 1250 sed
491 1201 639 1250 etiam
677 1199 939 1258 ultionem,
979 1197 1128 1267 etiam
1167 1196 1559 1246 recordationem
1599 1197 1648 1245 et
1692 1194 1976 1259 recogitati-

160 1301 302 1336 onem
355 1284 561 1334 iniuriae
608 1283 855 1347 prohibet,
907 1282 957 1331 in
1003 1285 1200 1332 tantum
1247 1281 1468 1346 aperitur
1510 1279 1670 1339 nobis,
1726 1279 1973 1343 quomodo

160 1371 362 1420 oculum
415 1385 501 1433 pro
558 1370 702 1418 oculo
758 1370 807 1417 et
859 1368 1058 1417 dentem
1110 1382 1197 1430 pro
1253 1366 1398 1416 dente
1454 1364 1726 1415 censuerit:
1772 1380 1867 1414 non
1914 1364 1975 1413 ad

160 1455 429 1506 secundam
476 1455 709 1504 iniuriam
754 1454 956 1504 talionis
1002 1452 1405 1517 permittendam,
1461 1466 1608 1515 quam
1654 1449 1976 1514 prohibuerat

156 1541 422 1592 interdicta
465 1540 674 1599 ultione,
728 1539 815 1589 sed
861 1539 922 1588 ad
965 1538 1176 1602 primam
1221 1536 1542 1587 coercendam
1590 1533 1758 1602 [quam
1810 1534 1975 1597 prohi-

156 1625 347 1693 buerat]
386 1626 615 1691 opposito
654 1625 860 1686 talione,
905 1635 963 1674 ut
1007 1623 1356 1686 uuusquisque
1401 1621 1674 1686 respiciens
1718 1619 1973 1668 licentiam

158 1711 405 1763 secundae
436 1711 645 1761 iniuriae
679 1727 704 1760 a
735 1711 895 1775 prima,
927 1708 1254 1772 semetipsum
1291 1706 1579 1757 contineret.
1609 1705 1808 1755 facilius
1842 1705 1971 1754 enim

158 1797 262 1846 uim
309 1797 572 1861 comprimi
618 1796 734 1847 sciit
776 1794 1232 1860 repraesentatione
1279 1792 1480 1842 talionis
1522 1806 1670 1854 quam
1709 1790 1974 1855 repromis—

158 1883 296 1933 sione
333 1882 557 1932 ultionis.
595 1885 866 1945 utrumque
906 1883 1072 1930 autem
1114 1877 1520 1929 constituendum
1552 1876 1649 1926 fuit
1679 1891 1765 1940 pro
1798 1876 1975 1924 natura

157 1970 207 2017 et
243 1968 340 2018 fide
378 1968 655 2027 hominum,
694 1970 753 2016 ut
791 1967 876 2031 qui
915 1966 1005 2015 deo
1047 1965 1283 2025 crederet,
1323 1963 1565 2012 ultionem
1607 1977 1634 2011 a
1673 1961 1762 2031 deo
1804 1975 1972 2024 expec-

154 2056 297 2115 taret,
354 2054 439 2118 qui
490 2053 655 2103 minus
706 2052 898 2113 fideret,
953 2051 1081 2116 legis
1136 2049 1348 2100 taliones
1394 2048 1610 2098 timeret.
1664 2047 1790 2095 hanc
1842 2044 1970 2110 legis

153 2140 470 2190 uoluntatem
524 2138 581 2188 de
633 2138 895 2187 intellectu
947 2136 1258 2186 laborantem
1307 2133 1537 2183 dominus
1585 2135 1634 2182 et
1680 2131 1877 2181 sabbati
1923 2133 1972 2179 et

151 2223 278 2288 legis
310 2226 360 2273 et
391 2223 616 2273 omnium
653 2226 972 2286 paternarum
1013 2219 1417 2284 dispositionum,
1460 2218 1707 2277 Christus,
1749 2219 1798 2266 et
1834 2231 1970 2265 reue-

149 2309 278 2358 lauit
331 2312 380 2358 et
433 2312 717 2372 compotem
769 2308 905 2366 fecit,
959 2306 1197 2356 mandans
1245 2304 1450 2354 alterius
1497 2318 1695 2369 quoque
1741 2301 1969 2351 maxillae

148 2394 475 2454 oblationem,
514 2397 572 2443 ut
609 2396 748 2444 tanto
787 2392 950 2458 magis
989 2392 1155 2441 uicem
1193 2390 1403 2440 iniuriae
1444 2373 1771 2454 extingueret,
1820 2402 1968 2450 quam

149 2481 198 2527 et
227 2478 303 2528 lex
337 2481 386 2528 et
409 2495 495 2543 per
525 2479 763 2528 talionem
796 2478 1027 2527 uoluerat
1056 2476 1346 2540 impedisse,
1374 2478 1507 2525 certe
1535 2490 1680 2538 quam
1709 2471 1970 2537 prophetia

288 2604 328 2657 2]
362 2605 486 2646 Zach.
519 2606 556 2652 7,
591 2605 655 2646 10.
746 2605 788 2658 3]
823 2604 947 2645 Zach.
979 2604 1017 2655 8,
1051 2604 1115 2644 17.
1219 2603 1261 2656 6]
1295 2601 1422 2642 Dent,
1456 2602 1529 2650 32,
1555 2601 1607 2642 35
1640 2599 1709 2652 (cf.
1744 2599 1863 2639 Rom.
1900 2597 1970 2649 127

149 2675 212 2715 19.
245 2675 373 2717 Hebr.
409 2676 473 2724 10,
506 2676 592 2727 30).
681 2675 753 2729 21]
789 2674 838 2716 cf.
872 2674 1024 2715 Matth.
1059 2675 1123 2722 12,
1156 2674 1194 2715 8.
1283 2673 1353 2725 23]
1389 2672 1441 2713 cf.
1473 2672 1574 2712 Luc.
1608 2672 1646 2719 6,
1678 2670 1744 2710 29.

204 2761 222 2800 1
251 2759 527 2812 praedicatur
550 2760 624 2812 133,
655 2760 876 2814 praedicat
895 2758 1013 2801 MR1
1071 2760 1096 2800 3
1116 2758 1401 2811 parenthesin
1431 2756 1632 2797 indicaui
1689 2755 1715 2795 4
1739 2753 1963 2806 recogitet.

151 2830 285 2870 multo
316 2832 448 2885 ztulyo
534 2833 746 2885 recogitet
770 2835 829 2882 (re
853 2831 902 2872 in
924 2832 1031 2881 ras.)
1057 2830 1115 2871 M
1169 2831 1192 2871 5
1223 2827 1378 2870 indixit
1400 2827 1456 2880 R7
1487 2827 1654 2868 induxit
1676 2826 1734 2866 M
1787 2826 1811 2866 S
1836 2823 1962 2864 fidem

150 2913 230 2941 om.
261 2902 375 2942 Pam
462 2903 627 2943 oculum
658 2916 732 2956 pro
765 2902 885 2942 oculo
912 2905 955 2942 et
979 2901 1148 2942 dentem
1173 2913 1247 2954 pro
1274 2899 1399 2940 dente
1423 2898 1594 2951 scripsi.-
1622 2900 1663 2939 et
1689 2897 1857 2937 dentem
1882 2908 1965 2948 pro

149 2972 293 3024 dente,
318 2973 485 3014 oculum
508 2988 583 3028 pro
607 2974 727 3015 oculo
745 2973 842 3015 MR
901 2974 925 3014 9
950 2972 1146 3013 iniuriam
1164 2970 1225 3014 R1
1285 2971 1337 3012 14
1360 2984 1484 3023 quam
1510 2969 1790 3023 prohibuerat
1812 2956 1967 3008 seclusi

153 3044 203 3085 15
221 3044 418 3097 opposito
434 3045 669 3095 talioneM,
685 3045 848 3086 talione
866 3044 1064 3098 opposito
1075 3042 1150 3095 R1,
1164 3043 1327 3083 talione
1343 3042 1540 3096 opposita
1550 3040 1611 3082 113³
1672 3040 1721 3081 17
1736 3038 1958 3092 comprimi

151 3114 248 3155 sciit
270 3115 377 3165 (scil.
400 3114 519 3168 deus)
542 3115 716 3168 scripsi:
738 3115 1043 3168 comprimiscit
1066 3114 1119 3158 F.
1146 3113 1366 3166 comprimi
1390 3113 1471 3154 scit
1494 3112 1548 3161 R,
1575 3109 1889 3164 comprimescit
1910 3108 1967 3149 M

150 3184 204 3225 20
228 3184 393 3238 fideret,
423 3186 531 3240 legis
555 3186 684 3238 MR¹‚
714 3185 878 3235 fideret,
901 3186 1019 3240 leges
1040 3184 1102 3227 R³
1117 3185 1264 3237 uulgo,
1288 3182 1440 3224 fideret
1461 3183 1550 3235 legi
1572 3182 1673 3234 Eny
1779 3180 1963 3221 taliones

149 3256 278 3309 (legis
308 3257 492 3298 taliones
522 3277 575 3292 z
607 3258 769 3298 diesim
804 3257 953 3298 Gesetz
986 3256 1216 3310 yebotenen
1253 3253 1738 3306 le‘ederveryelz‘unyen,
1769 3249 1963 3291 φιάίηῑὶεἷιΓ

154 3328 320 3368 oculum
358 3341 432 3382 pro
473 3328 593 3368 oculo
633 3330 677 3369 et
715 3327 885 3369 dentem
924 3340 999 3380 pro
1041 3327 1168 3367 dente
1208 3325 1261 3377 cf.
1295 3325 1323 3367 l.
1354 3326 1426 3373 12)
1459 3323 1632 3376 scripsi:
1662 3321 1835 3362 talionis
1866 3319 1962 3360 MR

153 3398 205 3438 ‘22
238 3399 448 3440 ffeuelauit
478 3401 538 3452 (re
569 3411 603 3440 3.
632 3412 676 3439 u.
708 3397 778 3450 M)
865 3398 918 3438 25
951 3400 994 3437 et
1025 3410 1100 3449 per
1129 3395 1238 3447 ΜΓ,
1270 3407 1346 3448 per
1375 3394 1417 3435 R
