2340 3658
284 211 389 261 590
649 206 838 259 Quinti
871 205 1101 261 Septimi
1130 204 1408 248 Florentia
1439 206 1772 250 Tertulliani

284 368 419 420 enim
467 371 518 419 et
565 366 848 418 secundum
894 368 1129 418 nostrum
1177 366 1503 433 euangelium
1553 367 1789 419 diabolus
1847 385 2050 435 quoque
2103 370 2153 422 in

281 455 620 521 temptatione
676 455 935 521 cognouit,
993 456 1043 505 et
1098 453 1380 505 secundum
1437 469 1707 506 commune
1753 455 2155 509 instrumentum

283 543 497 609 spiritus
552 558 772 608 nequam
829 541 1026 593 sciebat
1087 557 1204 592 eum
1267 546 1506 593 sanctum
1569 542 1650 593 dei
1705 559 1818 596 esse
1880 551 1929 596 et
1981 546 2154 597 Iesum

281 632 456 683 uocari
494 634 545 682 et
583 631 634 681 in
674 630 1017 697 perditionem
1058 645 1231 681 eorum
1272 630 1497 682 uenisse.
1540 631 1695 683 etiam
1726 633 1970 699 parabola
2006 633 2154 685 fortis

279 719 423 770 illius
464 718 663 780 armati,
706 733 858 783 quem
899 717 1031 768 alius
1072 716 1293 768 ualidior
1333 718 1591 784 oppressit
1622 722 1673 769 et
1703 734 1829 770 uasa
1862 720 1971 771 eius
2006 735 2153 772 occu-

281 805 442 872 pauit,
465 821 598 868 aaa,
620 805 662 856 si
678 805 730 855 in
751 804 996 856 creatoris
1015 804 1266 870 accipitur
1282 804 1418 872 apud
1435 805 1887 868 Marcionem,.iam
1906 823 1997 859 nec
2012 807 2153 876 igno-

280 909 420 945 rasse
453 893 589 945 ultra
628 893 801 960 potuit
840 895 1036 944 creator
1075 892 1339 944 dominum
1381 893 1591 961 gloriae,
1633 894 1754 945 dum
1796 895 1857 945 ab
1899 910 1955 947 eo
1989 897 2154 962 oppri-

282 981 457 1043 mitur,
483 996 577 1032 nec
600 981 651 1031 in
680 995 829 1032 cruce
857 995 974 1031 eum
998 980 1172 1047 figere,
1192 980 1441 1032 aduersus
1468 997 1620 1047 quem
1646 982 1817 1034 ualere
1841 999 1939 1034 non
1964 983 2151 1050 potuit,

283 1073 333 1121 et
358 1072 611 1135 superest,
637 1071 696 1119 ut
721 1098 788 1105 ——
816 1067 1100 1119 secundum
1128 1074 1210 1120 me'
1236 1069 1444 1136 quidem
1471 1069 1716 1121 credibile
1743 1070 1813 1122 sit
1841 1101 1898 1107 —-
1930 1071 2152 1123 scientes

283 1157 505 1209 uirtutes
561 1159 612 1208 et
666 1158 951 1223 potestates
1009 1157 1253 1208 creatoris
1310 1156 1575 1208 dominum
1631 1158 1839 1225 gloriae,
1889 1158 2150 1211 Christum

282 1261 448 1310 suum,
496 1243 855 1306 crucifixerint,
904 1260 1004 1310 qua
1052 1244 1406 1310 desperatione
1455 1247 1506 1296 et
1551 1245 1780 1297 malitiae
1818 1245 2153 1299 redundantia

280 1333 419 1386 serui
459 1348 662 1399 quoque
699 1331 1065 1384 scelestissimi
1106 1331 1341 1384 dominos
1384 1348 1506 1389 suos
1546 1333 1831 1385 interficere
1870 1350 1970 1386 non
2010 1335 2152 1386 dubi-

278 1424 414 1483 tant;
451 1420 703 1487 scriptum
744 1424 824 1472 est
864 1420 994 1471 enim
1040 1420 1176 1487 apud
1214 1436 1296 1471 me
1337 1423 1568 1474 satanam
1600 1421 1650 1472 in
1683 1421 1865 1473 Iudam
1896 1422 2153 1476 introisse.

276 1509 559 1562 secundum
605 1511 779 1559 autem
827 1508 1143 1559 Marcionem
1189 1523 1281 1559 nec
1330 1510 1597 1575 apostolus
1648 1510 1742 1560 hoc
1788 1509 1902 1561 loco
1958 1510 2154 1578 patitur

274 1596 618 1666 ignorantiam
658 1595 882 1648 adscribi
921 1596 1207 1647 uirtutibus
1247 1597 1490 1648 creatoris
1529 1597 1580 1648 in
1627 1597 1821 1664 gloriae
1869 1597 2150 1664 dominum,

279 1685 401 1751 quia
427 1685 633 1736 scilicet
664 1699 760 1735 non
793 1684 910 1735 illas
942 1685 1060 1736 uult
1090 1684 1326 1751 intellegi
1357 1685 1614 1752 principes
1649 1685 1804 1737 huius
1838 1686 1969 1740 aeui.
2012 1686 2149 1753 quod

281 1774 326 1826 si
379 1788 478 1824 non
533 1772 742 1824 uidetur
795 1771 855 1823 de
912 1771 1234 1838 spiritalibus
1290 1771 1478 1824 dixisse
1524 1773 1860 1840 principibUS,
1915 1789 2033 1841 ergo
2089 1774 2150 1826 de

280 1860 634 1913 saecularibus
676 1859 815 1924 dixit,
856 1859 916 1911 de
956 1860 1147 1927 populo
1187 1860 1477 1927 principali,
1517 1861 1698 1926 utique
1730 1877 1826 1912 non
1860 1861 1994 1912 inter
2023 1861 2148 1913 nati-

280 1967 419 2014 oneS,
474 1949 534 2000 de
588 1948 717 2015 ipsis
774 1948 1107 2000 archontibus
1156 1948 1285 2011 eiuS,
1340 1949 1400 1999 de
1447 1965 1566 2016 rege
1611 1949 1831 2011 Herode,
1888 1949 2042 2013 etiam
2091 1950 2150 2000 de

279 2039 467 2100 Pilato,
510 2040 561 2089 et
600 2048 699 2104 quo
739 2037 903 2087 maior
940 2036 1263 2103 principatus
1303 2036 1459 2088 huius
1501 2037 1632 2101 aeui,
1662 2037 1893 2089 Romana
1925 2037 2149 2105 dignitas
2179 2060 2199 2090 2

278 2125 619 2192 praesidebat.
668 2125 741 2175 ita
780 2126 831 2176 et
871 2139 987 2176 cum
1029 2124 1367 2176 destruuntur
1405 2124 1876 2193 argumentationes
1919 2125 2150 2176 diuersae

279 2214 457 2280 partiS,
490 2216 693 2265 nostrae
727 2212 1072 2278 expositiones
1107 2212 1456 2263 aedificantur.
1499 2212 1589 2264 sed
1620 2212 1702 2264 uis
1734 2212 1903 2263 adhuc
1935 2213 2149 2278 gloriam

279 2302 507 2353 nostram
549 2300 629 2351 dei
668 2299 746 2350 tui
787 2314 900 2351 esse
942 2302 993 2350 et
1032 2299 1168 2366 apud
1208 2315 1325 2351 eum
1365 2299 1415 2350 in
1452 2300 1660 2351 occulto
1693 2300 1872 2352 fuisse.
1913 2303 1965 2351 et
1996 2317 2149 2367 quare

280 2387 448 2440 adhuc
490 2388 667 2440 eodem
709 2390 760 2438 et
799 2387 926 2438 deus
965 2387 1310 2439 instrumento
1353 2391 1404 2438 et
1450 2388 1716 2454 apostolus
1764 2389 1978 2440 nititur?
2026 2389 2149 2456 quid

279 2476 357 2527 illi
391 2492 508 2528 cum
542 2476 812 2527 sententiis
846 2475 1214 2541 prophetarum
1243 2475 1472 2542 ubique?
1507 2476 1642 2542 quis
1686 2476 2147 2545 enim-cognouit

426 2649 470 2703 3]
506 2648 559 2690 cf.
594 2649 697 2691 Luc.
729 2649 770 2702 4,
803 2648 871 2690 34.
977 2648 1022 2702 4]
1059 2647 1113 2690 cf.
1144 2647 1250 2690 Luc.
1287 2647 1353 2698 11,
1385 2647 1573 2692 21-22.
1682 2648 1750 2704 13]
1785 2648 1838 2691 cf.
1869 2648 1972 2692 Luc.
2003 2649 2074 2702 22,
2105 2649 2148 2692 3.

279 2723 351 2777 25]
383 2721 459 2764 Es.
490 2721 562 2772 40,
596 2721 663 2764 13.
698 2721 751 2763 cf.
785 2720 806 2762 I
839 2720 936 2764 Cor.
968 2721 1007 2774 2,
1037 2721 1103 2763 16.

342 2825 361 2867 1
398 2825 513 2867 enim
544 2825 725 2878 scripsi:
759 2828 905 2866 autem
936 2822 1039 2866 MR
1162 2824 1190 2866 4
1223 2837 1372 2866 eorum
1402 2824 1497 2867 scil.
1531 2823 1705 2867 diaboli
1734 2829 1775 2867 et
1802 2825 2045 2879 spirituum
2072 2838 2149 2868 ne-

278 2911 426 2953 quam,
450 2898 542 2939 nisi
564 2897 698 2939 malis
727 2910 871 2952 supra
894 2897 1152 2955 rescribere.-
1184 2897 1405 2940 sciebant
1465 2898 1490 2939 5
1516 2897 1737 2952 oppressit
1758 2896 1824 2941 R³
1846 2897 1919 2952 (cf.
1948 2899 2048 2951 512,
2078 2899 2145 2951 9):

280 2970 479 3026 obrepsit
507 2969 629 3013 ΜΗ1
720 2971 744 3012 6
787 2970 1001 3013 lacunam
1030 2970 1233 3025 siynaui:
1264 2971 1301 3012 si
1340 2970 1385 3012 in
1425 2970 1592 3012 diaboli
1623 2970 1835 3025 accipitur
1865 2970 1974 3023 (scil.
1998 2984 2143 3025 para-

280 3043 464 3099 bolam),
494 3043 624 3087 testis
659 3046 727 3086 est
759 3045 803 3086 et
833 3044 931 3099 ipsa
962 3043 1127 3098 cogniti
1160 3042 1213 3085 ab
1253 3044 1329 3086 illo
1364 3043 1531 3086 domini
1568 3044 1642 3086 uel
1670 3044 1842 3086 similia
1871 3043 2150 3087 intercidisse

271 3121 387 3171 puto
508 3117 717 3159 creatoris
748 3116 861 3170 MR,
895 3118 1136 3158 creatorem
1174 3116 1260 3159 Urs
1363 3117 1387 3159 7
1421 3116 1645 3159 dominum
1674 3117 1855 3171 scripsi:
1886 3116 2016 3159 deum
2045 3115 2147 3159 MR

280 3191 306 3232 9
330 3190 626 3245 parenthesin
657 3189 890 3232 indicaui:
925 3191 975 3231 ut
1006 3189 1243 3231 secundum
1274 3203 1342 3232 me
1376 3188 1553 3245 quidem
1577 3189 1784 3232 credibile
1810 3190 1880 3241 sit,
1902 3190 2017 3244 <ut>
2043 3188 2149 3244 Enq

238 3317 241 3321 1
283 3263 336 3306 10
375 3263 599 3305 dominum
636 3263 816 3317 scripsi:
856 3262 984 3305 deum
1023 3262 1123 3306 MR
1310 3263 1360 3305 11
1396 3262 1688 3306 crucifixerint
1717 3261 1849 3314 MR1‚
1883 3262 2144 3305 crucifixisse

279 3336 344 3380 R³
359 3337 496 3392 uulyo
628 3337 679 3378 13
711 3339 897 3378 satanan
920 3336 981 3378 M
1101 3337 1153 3379 21
1189 3337 1594 3393 argumentationes
1631 3336 1734 3382 Get:
1765 3336 2149 3395 argumentatione.

281 3410 382 3453 MR
472 3410 528 3452 24
561 3413 604 3452 et
637 3409 743 3451 deus
775 3409 900 3464 (add.
932 3411 983 3452 in
1013 3423 1095 3464 my.
1127 3424 1183 3452 m.
1214 3412 1254 3464 1)
1284 3409 1345 3451 M

2187 1181 2231 1212 10

2183 1619 2228 1651 15

2175 2498 2223 2532 25
