2248 3646
137 155 239 204 572
510 150 698 202 Quinti
735 150 964 206 Septimi
995 150 1275 193 Florentis
1309 145 1645 194 Tertulliani

136 326 247 362 esse
304 328 331 362 a
376 313 491 378 lege
540 311 651 362 eius
702 310 798 372 dei,
855 326 1006 376 quem
1055 309 1389 375 reliquissent
1438 310 1595 362 alium
1646 311 1826 362 secuti.
1885 312 1999 377 quis

135 399 266 449 enirn
318 402 608 465 expectaret
656 398 853 449 diutius
902 397 1116 458 discere,
1165 397 1301 463 quod
1342 414 1529 449 nouam
1570 398 1778 450 deberet
1817 401 2001 450 sectari

134 486 460 553 disciplinam
511 486 597 552 qui
646 501 834 537 nouum
888 485 1038 536 deum
1087 486 1400 551 recepisset?
1453 486 1610 536 immo
1660 486 1779 552 quia
1825 487 2000 538 eadem

134 574 339 639 quidem
373 574 616 624 diuinitas
649 573 1043 639 praedicabatur
1072 573 1123 623 in
1158 573 1443 640 euangelio,
1486 589 1616 639 quae
1650 589 1851 641 semper
1882 577 2003 625 nota

131 660 298 712 fuerat
350 660 401 711 in
456 661 590 728 lege,
649 660 1097 726 disciplina-uero
1153 675 1252 711 non
1309 659 1503 720 eadem,
1568 659 1649 711 liic
1696 663 1805 710 erat
1857 663 2000 712 totus
2055 683 2076 713 5

131 748 448 813 quaestionis
482 751 668 810 status,
703 763 763 799 an
795 748 876 798 lex
910 747 1151 799 creatoris
1186 747 1247 798 ab
1275 747 1543 815 euangelio
1572 747 1782 799 deberet
1805 747 2004 799 excludi

130 837 179 886 in
237 836 442 888 Christo
500 835 759 887 creatoris,
817 834 1035 900 denique
1091 834 1235 886 aufer
1287 835 1422 885 hunc
1479 837 1691 898 statum,
1750 838 1800 886 et
1854 837 2006 886 uacat

131 923 380 989 quaestio.
418 926 633 974 uacante
674 925 845 974 autem
888 921 1208 988 quaestione,
1241 922 1377 973 ultro
1413 922 1650 974 omnibus
1684 923 2005 990 agnoscenti-

129 1011 226 1066 bus
277 1010 644 1063 discedendum
694 1009 793 1062 sibi
842 1025 954 1061 esse
1002 1009 1063 1060 ab
1107 1008 1279 1060 ordine
1321 1009 1563 1061 creatoris
1603 1026 1692 1076 per
1730 1010 1883 1061 fidem
1926 1010 2003 1061 dei

130 1099 360 1160 alteriUS,
414 1099 557 1150 nulla
611 1097 846 1165 apostolo
902 1097 1117 1148 materia
1172 1097 1510 1164 competisset
1563 1098 1616 1148 id
1668 1101 1772 1148 tam
1827 1114 2077 1163 pressero

129 1186 358 1251 docendi,
414 1186 551 1251 quod
598 1187 734 1237 ultro
783 1185 910 1236 fides
958 1185 1074 1250 ipsa
1120 1185 1384 1239 dictasset.
1440 1185 1601 1253 igitur
1638 1189 1748 1238 tota
1787 1186 2003 1238 intentio

129 1275 377 1341 epistolae
431 1274 584 1325 istius
648 1273 776 1325 nihil
832 1272 973 1324 aliud
1035 1272 1185 1324 docet
1247 1289 1398 1339 quam
1459 1273 1591 1341 legis
1654 1274 2004 1325 decessionem

127 1363 419 1413 uenientem
463 1362 522 1413 de
565 1361 808 1413 creatoris
850 1361 1206 1428 dispositione,
1246 1364 1306 1412 ut
1344 1362 1509 1412 adhuc
1553 1377 1908 1428 suggeremus.
1961 1363 2003 1412 si

125 1451 251 1501 item
290 1450 483 1501 nullius
523 1450 645 1501 noui
687 1449 767 1500 dei
808 1450 964 1500 exerit
1003 1449 1331 1510 mentionem,
1375 1449 1512 1515 quod
1551 1465 1803 1515 nusquam
1837 1450 2002 1517 magis

125 1538 338 1589 fecisset
377 1553 530 1604 quam
568 1537 619 1588 in
660 1537 762 1587 ista
800 1537 1030 1597 materia,
1071 1539 1130 1587 ut
1168 1537 1420 1588 rationem
1454 1537 1655 1588 scilicet
1688 1537 2000 1605 ablegandae
2034 1552 2075 1585 15

124 1625 256 1692 legis
296 1626 450 1676 unica
481 1625 574 1676 hac
608 1627 659 1676 et
691 1624 1135 1676 sufficientissima
1169 1624 1462 1676 definitione
1494 1628 1801 1691 proponeret
1830 1641 1992 1678 nouae
2064 1628 2067 1631 ⁴

128 1712 434 1774 diuinitatis,
484 1718 697 1779 apparet
737 1712 994 1778 quomodo
1044 1711 1256 1764 scribat:
1313 1712 1497 1764 miror
1542 1728 1649 1764 uos
1698 1717 1819 1763 tam
1868 1713 1988 1764 cito

126 1801 452 1851 transferri
494 1801 561 1851 ab
607 1817 691 1863 eo,
733 1800 836 1866 qui
876 1816 985 1851 uos
1025 1799 1281 1851 uocauit
1311 1799 1367 1849 in
1402 1800 1678 1866 gratiam,
1720 1800 1789 1850 ad
1822 1801 1989 1851 aliud

128 1887 534 1957 euangelium,
593 1904 650 1939 ex
706 1888 1096 1939 conuersatione
1151 1887 1308 1950 aliud,
1364 1904 1462 1942 non
1511 1903 1567 1938 ex
1613 1888 1878 1955 religione,
1934 1904 1991 1939 ex

124 1976 413 2043 disciplina,
478 1993 574 2027 non
632 1992 689 2026 ex
744 1976 1032 2036 diuinitate,
1097 1976 1334 2042 quoniam
1398 1975 1603 2042 quidem
1660 1976 1988 2043 euangelium
2020 1994 2061 2025 ρο

125 2065 319 2117 Christi
359 2082 386 2116 a
424 2066 537 2132 lege
579 2080 790 2116 euocare
830 2064 1036 2115 deberet
1076 2063 1138 2115 ad
1179 2063 1412 2130 gratiam,
1453 2079 1552 2114 non
1593 2079 1620 2113 a
1660 2066 1886 2115 creatore
1926 2065 1989 2115 ad

122 2152 278 2203 alium
308 2152 477 2205 deum.
509 2168 658 2204 nemo
685 2152 819 2202 enim
854 2151 973 2203 illos
1007 2154 1238 2202 mouerat
1271 2166 1299 2201 a
1331 2153 1572 2213 creatore,
1604 2153 1662 2201 ut
1693 2150 1990 2203 uiderentur

123 2241 196 2291 sic
245 2239 306 2291 ad
355 2239 495 2292 aliud
542 2240 873 2308 euangelium
911 2238 1194 2300 transferri,
1252 2239 1400 2305 quasi
1442 2238 1561 2289 dum
1603 2239 1666 2289 ad
1706 2241 1987 2290 creatorem

121 2327 515 2381 transferuntur.
556 2345 671 2379 nam
715 2330 766 2379 et
806 2327 1047 2390 adicienS,
1082 2326 1217 2392 quod
1250 2327 1388 2378 aliud
1423 2326 1749 2394 euangelium
1782 2326 1986 2378 omnino

120 2430 216 2466 non
257 2418 411 2479 esset,
454 2416 697 2467 creatoris
739 2415 1005 2468 confirmat
1042 2414 1110 2476 id,
1153 2414 1289 2481 quod
1330 2430 1442 2465 esse
1484 2413 1725 2466 defendit.
1767 2414 1809 2466 si
1852 2414 1983 2465 enirn
2016 2432 2059 2464 25

121 2506 172 2554 et
203 2507 400 2556 creator
432 2505 757 2572 euangelium
789 2503 1103 2570 repromittit
1135 2503 1308 2554 dicens
1341 2518 1430 2568 per
1459 2502 1688 2554 Esaiam:
1731 2501 1986 2554 ascende

120 2591 178 2642 in
232 2594 499 2643 montem
556 2592 867 2644 excelsum
924 2592 1027 2658 qui
1074 2590 1467 2658 euangelizas
1519 2590 1705 2652 Sioni,
1761 2590 1984 2642 extolle

121 2695 330 2731 uocem
386 2680 443 2731 in
499 2680 776 2732 ualentia
831 2682 935 2731 tua
983 2679 1084 2746 qui
1133 2678 1529 2745 euangelizas
1570 2678 1981 2740 Hierusalem3

120 2767 244 2818 item
293 2767 354 2819 ad
403 2768 755 2835 apostolorum
802 2783 1099 2834 personam:
1155 2782 1327 2832 quam
1382 2765 1745 2833 tempestiui
1800 2766 1982 2832 pedes

268 2981 339 3037 17]
375 2980 470 3025 Gai.
506 2982 542 3032 1,
576 2982 614 3025 e.
699 2980 971 3038 24]cf.Ga1.
1000 2982 1036 3035 1,
1068 2982 1106 3025 6.
1192 2981 1265 3036 26]
1297 2981 1367 3024 ns.
1401 2981 1469 3032 40,
1502 2981 1541 3024 9.
1625 2981 1699 3036 29]
1733 2981 1805 3024 Es.
1839 2981 1907 3036 52,
1943 2983 1981 3024 7.

180 3141 232 3183 12
273 3140 569 3183 decessionem
607 3141 718 3195 MR,
758 3140 1070 3184 discessionem
1116 3139 1198 3183 Gez
1219 3140 1382 3194 reliqui
1502 3141 1554 3182 15
1595 3139 1868 3196 ablegandae
1907 3139 1980 3191 R3,

121 3213 391 3268 ablegendae
420 3213 541 3256 ΜΙιη
673 3215 725 3256 16
759 3213 1133 3256 sufficientissima
1164 3213 1207 3268 (a
1240 3226 1292 3256 ea:
1325 3214 1364 3269 e)
1396 3212 1456 3254 M
1570 3213 1621 3255 17
1655 3212 1820 3255 scribat
1851 3211 1979 3262 Mle-³,

118 3286 286 3330 sciebat
318 3286 379 3328 12³1
495 3286 627 3329 miror
655 3286 729 3341 12¹3,
761 3285 909 3329 mirari
940 3285 1055 3328 MR}
1146 3286 1198 3327 21
1235 3299 1419 3328 auocare
1440 3287 1553 3340 fort.
1673 3286 1727 3329 23
1761 3286 1894 3328 alium
1925 3285 1983 3327 M

121 3362 174 3403 25
207 3360 243 3402 si
276 3361 389 3402 enim
421 3360 531 3414 MR,
564 3359 640 3403 sed
673 3361 786 3403 enim
824 3359 1033 3403 Oehlerus
