2248 3646
185 163 288 211 312
558 157 745 210 Quinti
780 158 1009 213 Septimi
1042 157 1319 200 Florentis
1352 157 1680 200 Tertulliani

261 320 340 370 17.
387 319 483 370 His
537 319 819 384 compressi
872 320 1147 385 erumpunt
1196 318 1383 369 dicere:
1435 318 1649 370 ‘sufficit
1696 319 1906 370 unicum
1952 319 2049 370 hoc

186 423 315 474 opus
357 406 448 459 deo
478 409 670 469 nostro,
714 406 851 472 quod
882 407 1142 457 hominem
1173 407 1416 457 liberauit
1448 423 1652 458 summa
1691 408 1742 458 et
1778 407 2052 472 praecipua

183 494 413 546 bonitate
439 511 532 546 sua
559 498 609 545 et
634 495 874 545 omnibus
899 495 1119 545 locustis
1145 494 1530 560 anteponenda‘.
1565 510 1591 545 o
1612 495 1763 546 deum
1790 494 2050 554 maiorem

185 583 332 634 cuius
366 585 473 633 tam
505 599 751 650 magnum
793 598 923 647 opus
963 598 1062 633 non
1102 583 1274 649 potuit
1311 583 1533 634 inueniri
1574 599 1724 649 quam
1765 583 1813 633 in
1847 582 2052 633 homine

185 670 267 720 dei
317 670 553 721 minoris!
620 670 879 721 enimuero
935 670 1079 735 prius
1137 672 1231 730 est,
1288 677 1347 720 ut
1395 686 1510 720 eum
1566 671 1750 737 probes
1800 687 1913 721 esse
1964 687 2053 736 per
2101 689 2119 719 5

185 774 313 823 quae
340 758 491 809 deum
518 757 719 824 probari
747 761 965 824 oportet,
991 775 1081 824 per
1106 774 1273 824 opera,
1307 760 1431 809 tunc
1464 758 1643 809 deinde
1675 774 1765 825 per
1795 758 2053 810 beneficia.

184 847 348 911 primo
399 846 532 896 enim
583 847 862 912 quaeritur,
906 863 965 897 an
1015 847 1097 909 sit,
1153 848 1204 897 et
1241 846 1328 907 ita,
1379 847 1544 911 qualis
1586 847 1670 899 sit.
1734 848 1952 898 alterum
1992 846 2052 897 de

186 934 446 1000 operibus,
497 935 716 985 alterum
767 934 827 985 de
869 934 1131 986 beneficiis
1175 934 1484 986 dinoscetur.
1540 938 1764 986 ceterum
1805 951 1903 986 non
1938 934 2057 1001 quia

183 1023 431 1073 liberasse
466 1022 654 1073 dicitur
684 1023 964 1084 hominem,
1004 1022 1120 1073 ideo
1155 1038 1269 1073 esse
1311 1038 1427 1073 eum
1468 1024 1687 1084 constat,
1729 1022 1816 1073 sed
1860 1023 1903 1073 si
1943 1038 2055 1074 esse

185 1111 493 1173 constiterit,
534 1113 659 1162 tunc
694 1114 745 1162 et
773 1111 1022 1162 liberasse
1057 1111 1269 1170 dicetur,
1312 1112 1371 1161 ut
1412 1113 1463 1162 et
1501 1126 1562 1160 an
1602 1110 1899 1161 liberauerit
1940 1126 2053 1161 con·
2090 1129 2128 1159 ιο

185 1201 301 1263 stet,
349 1200 470 1265 quia
516 1200 743 1266 potuerit
792 1203 842 1251 et
882 1215 995 1251 esse
1038 1203 1088 1250 et
1135 1215 1233 1250 non
1280 1199 1544 1250 liberasse,
1609 1198 1864 1264 quomodo
1913 1215 2052 1266 ergO,

185 1287 305 1351 quia
349 1287 600 1339 liberasse
641 1288 857 1347 dicetur,
901 1289 1054 1338 etiam
1107 1304 1221 1339 esse
1271 1287 1523 1348 credetur,
1573 1302 1690 1337 cum
1730 1287 1958 1352 potuerit
2004 1290 2053 1337 et

185 1391 297 1426 esse
339 1379 390 1427 et
428 1392 526 1427 non
566 1376 848 1427 liberasse‘.>

256 1463 422 1525 Nunc,
469 1463 520 1513 in
568 1464 669 1515 isto
719 1464 935 1515 articulo
985 1464 1046 1514 ab
1086 1463 1251 1530 ignoti
1292 1462 1372 1514 dei
1414 1462 1714 1529 quaestione
1749 1462 1968 1513 deducto
2009 1462 2051 1514 si

186 1551 313 1602 satis
377 1552 614 1603 constitit
674 1554 779 1602 tam
845 1552 970 1602 nihil
1027 1552 1178 1602 illum
1242 1551 1533 1603 condidisse
1597 1567 1748 1617 quam
1813 1551 2053 1602 debuisse
2090 1566 2129 1597 15

188 1639 494 1700 condidisse,
551 1641 629 1691 uti
685 1643 1081 1708 cognosceretur
1136 1656 1193 1690 ex
1250 1639 1508 1707 operibus,
1566 1640 1684 1706 quia
1747 1639 1790 1691 si
1851 1639 2054 1700 fuisset,

187 1728 430 1794 cognosci
485 1728 769 1790 debuisset,
826 1731 876 1779 et
923 1728 1103 1793 utique
1152 1744 1179 1778 a
1225 1728 1503 1793 primordio
1551 1743 1738 1790 rerum,
1786 1757 1854 1762 —-
1903 1727 2055 1778 deum

185 1816 321 1866 enim
354 1832 453 1867 non
488 1817 751 1868 decuisset
780 1817 997 1869 latuisse
1038 1847 1106 1852 -—
1147 1816 1405 1884 regrediar
1444 1832 1652 1868 necesse
1685 1819 1766 1867 est
1804 1816 1866 1867 ad
1907 1815 2058 1882 origi-

185 1920 301 1954 nem
352 1904 666 1970 quaestionis
717 1905 797 1956 dei
837 1905 1018 1973 ignoti,
1067 1907 1126 1955 ut
1172 1909 1369 1956 ceteros
1420 1920 1623 1971 quoque
1670 1904 1896 1955 ramulos
1945 1904 2055 1955 eius

186 1993 459 2045 excutiam.
514 1993 679 2060 primo
729 1995 864 2044 enim
913 1995 1086 2059 quaeri
1143 1994 1414 2060 oportebit,
1463 1993 1550 2060 qui
1602 1997 1782 2059 postea
1835 2008 1889 2043 se
1942 2007 2054 2057 pro·
2087 2010 2128 2043 20

184 2081 366 2132 tulerit
426 2082 477 2131 in
538 2082 777 2132 notitiam
834 2097 923 2132 cur
991 2085 1173 2147 postea
1226 2084 1276 2132 et
1330 2097 1426 2132 non
1476 2097 1504 2132 a
1548 2079 1824 2148 primordio
1886 2095 2055 2130 rerum

187 2169 373 2234 quibus
422 2170 605 2235 utique
652 2170 989 2232 necessarius,
1045 2185 1145 2234 qua
1192 2168 1336 2222 deus,
1392 2172 1443 2220 et
1489 2168 1695 2234 quidem
1741 2167 2057 2219 necessarior

188 2273 286 2322 quo
321 2257 503 2309 melior
535 2258 692 2307 latere
725 2273 823 2309 non
858 2257 1052 2310 debuit.
1093 2273 1192 2307 non
1235 2257 1366 2307 enim
1409 2259 1584 2324 potest
1616 2256 1717 2307 dici
1755 2272 1853 2307 non
1892 2255 2053 2307 fuisse

185 2347 275 2396 aut
319 2345 588 2395 materiam
637 2350 726 2396 aut
775 2361 982 2396 causam
1031 2345 1373 2412 cognoscendi
1421 2345 1589 2407 deum,
1646 2361 1762 2396 cum
1812 2347 1863 2395 et
1899 2344 2052 2395 homo

184 2449 211 2483 a
250 2433 527 2498 primordio
578 2436 719 2484 esset
761 2433 813 2483 in
862 2434 1084 2495 saeculQ
1142 2434 1225 2485 cui
1271 2449 1405 2484 nunc
1453 2432 1711 2495 subuenit‚
1760 2436 1811 2483 et
1857 2431 2054 2483 malitia
2074 2448 2126 2481 ¹25

183 2522 444 2581 creatoris⁹
479 2521 728 2572 aduersus
755 2538 908 2587 quam
934 2524 994 2573 ut
1017 2522 1182 2572 bonus
1210 2521 1467 2572 subuenit.
1499 2521 1660 2587 igitur
1683 2523 1773 2571 aut
1795 2519 2054 2586 ignorauit

184 2610 236 2658 et
252 2623 461 2660 causam
483 2611 534 2659 et
553 2610 820 2660 materiam
842 2626 964 2661 suae
989 2610 1320 2660 reuelationis
1351 2609 1665 2661 necessariae
1681 2611 1772 2660 aut
1795 2608 2054 2659 dubitauit

246 2852 265 2894 1
314 2852 396 2894 hoc
442 2866 523 2895 om.
579 2852 789 2896 Oehlerus
833 2855 1067 2907 (mendose)
1182 2854 1207 2896 5
1248 2867 1345 2895 eum
1383 2854 1539 2909 probes
1579 2853 1645 2902 M,
1688 2852 1843 2908 probet
1882 2865 1976 2893 eum
2009 2850 2054 2891 R

183 2925 209 2968 8
251 2925 503 2968 dinoscetur
539 2926 609 2981 M,
649 2925 719 2968 dei
759 2926 1002 2969 dinoscitur
1039 2927 1082 2969 R
1183 2927 1236 2968 14
1274 2940 1390 2969 nunc
1429 2929 1473 2968 in
1510 2927 1644 2981 uulgo
1787 2924 1976 2967 deducto
2015 2923 2053 2963 si

182 2999 366 3053 scripsi:
405 2998 618 3042 deductus
657 2999 772 3053 MG,
814 2999 1005 3042 deducta
1041 2999 1098 3051 R,
1133 3000 1321 3042 deducto
1365 3000 1449 3043 Gez
1560 3000 1610 3041 17
1650 2998 1943 3054 parenthesin
1980 2997 2049 3039 in-

186 3072 341 3115 dicaui
462 3073 514 3116 18
554 3073 775 3116 decuisset
812 3073 929 3116 Iun:
972 3073 1170 3116 decuisse
1201 3073 1301 3116 MR
1425 3073 1621 3115 latuisse.
1661 3071 1885 3127 regrediar
1913 3071 2050 3125 uulyo

187 3147 240 3187 22
275 3145 382 3188 deus
416 3149 461 3189 et
491 3147 626 3201 καῖρε)
775 3147 1043 3189 necessarior
1075 3161 1158 3202 quo
1192 3147 1346 3190 melior
1374 3161 1465 3190 van
1496 3146 1573 3189 der
1611 3146 1749 3189 Vliet.-
1779 3145 1936 3187 melior
1966 3158 2050 3199 quo

184 3220 455 3262 necessarior
495 3220 604 3266 MR.
646 3234 730 3274 quo
770 3221 926 3262 melior
962 3221 1231 3262 necessarior
1267 3220 1371 3275 Eny
1466 3221 1521 3262 ‘23
1562 3219 1797 3262 abundare
1832 3217 1943 3260 mihi
1977 3218 2048 3260 ui-

187 3292 350 3334 dentur
385 3293 524 3335 uerba
553 3292 693 3334 latere
732 3306 820 3334 non
860 3292 1026 3346 debuit,
1058 3306 1153 3335 cum
1188 3293 1248 3335 ad
1283 3294 1555 3336 necessarius
1586 3297 1726 3336 mente
1755 3290 2050 3346 supplendum

185 3366 244 3407 sit
276 3369 369 3408 erat
