2248 3646
111 1218 150 1248 10

102 2071 142 2105 20

563 287 656 328 VII.
686 287 952 328 Aduersus
983 287 1294 329 Marcionem
1326 288 1397 329 lib.
1429 288 1519 329 1111
1548 289 1614 331 25.
1890 292 1991 341 505

193 446 411 493 creatore
451 442 741 493 abscondita
778 445 905 493 retro
945 443 1155 503 fuerant,
1194 443 1447 507 patefecit,
1494 459 1608 509 ergo
1646 444 1743 493 iam
1783 446 1991 495 creatori

190 529 448 595 negotium
494 528 668 593 gessit,
720 544 797 577 res
844 529 951 578 eius
998 527 1290 578 edisserens.
1331 528 1416 578 sed
1462 530 1525 578 ‘in
1566 525 1992 591 destructionem,'

188 614 369 678 inquiS,
397 613 488 663 ‘uti
510 613 791 662 traduceret
816 618 928 663 eas)
953 628 1066 678 ergo
1097 613 1199 662 illis
1223 613 1502 664 traduxisse
1528 614 1780 671 debuerat,
1806 616 1986 679 quibus

188 701 377 749 creator
413 698 742 758 abscondidit,
783 698 1092 762 sapientibus
1133 701 1182 748 et
1218 699 1558 762 prudentibus.
1608 699 1649 749 si
1689 700 1818 749 enim
1855 700 1987 749 beni-

187 783 375 849 gnitate
420 784 649 842 faciebat,
701 783 804 833 illis
851 786 955 833 erat
999 783 1219 850 adgnitio
1258 785 1567 848 praestanda,
1609 785 1793 848 quibus
1827 786 1990 834 fuerat

185 871 380 933 negata,
419 884 514 919 non
552 869 791 933 paruulis,
832 869 1013 933 quibus
1052 869 1177 919 nihil
1217 872 1404 919 creator
1440 870 1701 919 inuiderat.
1742 871 1789 919 et
1819 871 1985 919 tamen

183 967 341 1016 usque
394 953 571 1013 adhue,
624 956 763 1016 puto,
816 954 1084 1018 probamus
1138 955 1493 1004 extructionem
1544 956 1712 1018 potius
1763 955 1890 1018 legis
1938 958 1988 1003 et

182 1038 536 1102 prophetarum
574 1038 787 1087 inueniri
824 1039 872 1088 in
906 1038 1102 1089 Christo
1136 1054 1283 1102 quam
1316 1039 1721 1089 destructionem.
1807 1038 1985 1089 Omnia

183 1122 279 1172 sibi
324 1123 507 1172 tradita
559 1122 679 1173 dicit
725 1139 752 1173 a
787 1126 941 1189 patre.
996 1123 1183 1187 medae,
1239 1124 1280 1173 si
1327 1125 1562 1175 creatoris
1616 1129 1692 1174 est
1738 1124 1982 1185 Christus,

182 1208 325 1259 cuius
366 1209 545 1269 omnia,
586 1211 634 1258 et
665 1209 781 1273 quia
810 1225 903 1259 non
935 1209 1114 1259 minori
1146 1225 1198 1259 se
1229 1210 1435 1260 tradidit
1466 1210 1630 1260 omnia
1659 1209 1761 1259 filio
1795 1214 1985 1260 creator

181 1308 305 1355 quae
344 1308 429 1357 per
467 1309 579 1343 eum
619 1293 853 1354 condidit,
892 1310 979 1359 per
1018 1310 1295 1345 sermonem
1329 1311 1476 1345 suum
1509 1295 1718 1345 scilicet.
1760 1296 1980 1344 ceterum

179 1378 221 1426 si
266 1392 566 1428 oeconomus
609 1379 710 1440 ille,
754 1395 879 1443 quae
927 1383 1044 1429 sunt
1080 1381 1292 1439 ‘omnia’,
1339 1396 1462 1445 quae
1509 1380 1581 1430 illi
1624 1396 1649 1429 a
1687 1383 1824 1445 patre
1865 1382 1983 1429 sunt

177 1461 394 1511 tradita?
434 1478 558 1527 quae
598 1467 715 1513 sunt
751 1464 1018 1514 creatoris?
1066 1479 1180 1529 ergo
1219 1465 1348 1514 bona
1386 1467 1504 1514 sunt
1541 1480 1665 1528 quae
1703 1467 1842 1529 pater
1877 1463 1980 1513 filio

175 1547 396 1607 tradidit,
437 1551 486 1597 et
523 1548 682 1598 bonus
716 1549 815 1598 iam
848 1552 1051 1610 creator,
1085 1550 1227 1599 cuius
1258 1550 1456 1601 ‘omnia'
1485 1550 1612 1600 bona
1644 1552 1775 1609 sunt,
1810 1553 1859 1599 et
1895 1550 1979 1598 ille

127 1646 145 1676 5
173 1631 273 1681 iam
316 1647 411 1690 non
456 1633 635 1694 bonus,
667 1634 751 1698 qui
794 1634 843 1684 in
881 1634 1039 1684 aliena
1082 1634 1210 1685 bona
1254 1636 1454 1697 inuasit,
1501 1638 1558 1684 ut
1599 1635 1699 1684 filio
1746 1636 1976 1695 traderet,

175 1716 355 1767 docens
410 1718 568 1768 alieno
616 1719 878 1770 abstinere.
932 1723 1063 1770 certe
1109 1721 1514 1772 mendicissimus
1556 1722 1641 1786 qui
1691 1735 1780 1771 nec
1817 1720 1976 1770 filium

173 1803 303 1852 unde
350 1803 531 1856 ditaret
573 1805 750 1855 habuit
794 1805 891 1855 nisi
937 1806 997 1856 de
1042 1806 1215 1857 alieno.
1268 1809 1357 1857 aut
1401 1808 1443 1856 si
1488 1807 1613 1856 nihil
1651 1807 1709 1856 de
1742 1806 1976 1856 creatoris

172 1887 413 1938 traditum
452 1892 529 1938 est
566 1890 609 1938 ei
649 1905 675 1938 a
711 1892 866 1955 patre,
910 1887 994 1959 [et]
1036 1891 1284 1954 quomodo
1323 1892 1575 1942 hominem
1607 1892 1838 1942 creatoris
1880 1892 1975 1940 sibi

171 1973 427 2023 uindicat?
467 1977 554 2024 aut
592 1975 634 2023 si
673 1977 808 2026 solus
841 1977 988 2025 homo
1023 1977 1067 2025 ei
1098 1977 1311 2027 traditus
1347 1980 1437 2037 est,
1473 1978 1666 2027 ‘omnia'
1697 1978 1845 2027 homo
1877 1993 1971 2027 non

174 2061 264 2110 est.
306 2060 553 2124 scriptura
591 2064 757 2111 autem
795 2062 1051 2112 ‘omnium'
1091 2062 1243 2112 edicit
1281 2062 1595 2112 traditionem
1634 2061 1736 2112 filio
1775 2063 1974 2112 factam.

173 2143 259 2193 sed
291 2147 340 2194 et
371 2144 412 2194 si
444 2146 641 2195 ‘omnia'
675 2146 735 2196 ad
765 2147 1023 2197 hominum
1049 2163 1240 2213 genera,
1266 2148 1317 2197 id
1342 2150 1419 2198 est
1442 2148 1498 2197 ad
1534 2163 1703 2198 omnes
1735 2149 1974 2209 nationeS,

170 2229 590 2294 interpretaberiS,
632 2234 680 2282 et
709 2232 798 2282 has
830 2232 933 2282 filio
965 2233 1230 2283 tradidisse
1264 2233 1497 2284 creatoris
1537 2236 1634 2284 est:
1676 2234 1818 2283 dabo
1857 2234 1974 2283 tibi

173 2318 380 2381 gentes
420 2316 816 2366 hereditatem
862 2320 1022 2367 tuam
1070 2321 1125 2367 et
1168 2318 1613 2383 possessionem
1658 2321 1817 2368 tuam
1863 2322 1972 2368 ter—

169 2400 356 2450 minos
389 2403 594 2450 terrae.
627 2405 713 2451 aut
744 2402 787 2452 si
820 2403 1033 2452 habebat
1065 2406 1113 2452 et
1144 2404 1251 2468 ipse
1284 2404 1449 2467 aliqua
1480 2419 1570 2453 sua
1601 2404 1812 2465 ‘omnia‘,
1847 2420 1971 2468 quae

125 2498 140 2526 ἡ
170 2485 272 2535 filio
296 2486 515 2536 traderet
535 2488 720 2551 pariter
736 2503 849 2538 cum
874 2488 1072 2537 homine
1098 2489 1350 2550 creatoris,
1370 2489 1575 2539 ostende
1593 2505 1747 2539 unum
1772 2490 1971 2553 aliquod

171 2587 226 2620 ex
257 2571 522 2621 ‘omnibus'
551 2572 600 2621 in
632 2572 796 2633 fidem,
820 2573 869 2622 in
896 2573 1192 2637 exemplum,
1218 2589 1276 2623 ne
1308 2578 1409 2623 tam
1440 2574 1615 2624 merito
1648 2590 1742 2624 non
1777 2575 1970 2624 credam

171 2656 277 2706 eius
311 2672 419 2707 esse
451 2657 663 2719 ‘omnia'‚
690 2659 831 2708 cuius
863 2659 986 2708 nihil
1016 2659 1179 2719 uideO,
1207 2675 1354 2724 quam
1386 2659 1560 2709 merito
1595 2660 1789 2710 credam
1821 2660 1969 2709 etiam

170 2757 293 2806 quae
346 2757 442 2792 non
494 2743 640 2792 uideo
692 2743 799 2793 eius
847 2758 970 2803 esse,
1011 2744 1152 2794 cuius
1193 2747 1312 2794 sunt
1347 2744 1596 2806 uniuersa,
1638 2760 1759 2809 quae
1803 2744 1966 2796 uideo,

308 2867 350 2922 8]
382 2867 433 2909 cf.
464 2867 564 2909 Luc.
598 2869 663 2919 10,
694 2868 766 2913 22.
850 2870 921 2923 22]
954 2870 1022 2911 Ps.
1054 2870 1091 2923 2,
1124 2870 1162 2911 8.

223 2967 247 3007 5
281 2965 473 3020 adgnitio
497 2967 564 3020 M,
597 2968 760 3020 agnitio
790 2967 834 3009 R
895 2968 946 3009 10
971 2971 1014 3010 et
1037 2969 1136 3023 quia
1156 2968 1267 3019 MR,
1294 2970 1366 3023 qui
1394 2969 1473 3011 Ger
1495 2970 1651 3022 reliqui
1735 2969 1890 3010 minori
1921 2982 1964 3010 se

165 3037 240 3090 Ra,
269 3038 477 3079 minorum
510 3039 546 3079 si
575 3039 691 3080 ΜΗ1
838 3040 887 3081 12
928 3053 1180 3082 oeconomus
1217 3041 1370 3094 scripsi
1407 3041 1479 3094 (cf.
1516 3043 1618 3090 496,
1651 3043 1720 3085 21.
1755 3043 1859 3093 497,
1894 3043 1963 3092 6).-

167 3108 492 3162 eperchomenus
522 3109 652 3163 MR1‚
685 3109 957 3165 ἐπερχόμενος
986 3109 1050 3152 ,33
1064 3112 1197 3165 ααῑρο
1281 3112 1354 3153 ille
1385 3113 1475 3154 scil.
1510 3112 1710 3154 Christus
1740 3112 1809 3153 dei
1836 3111 1964 3152 Mar-

167 3181 303 3222 cionis
385 3179 440 3221 ‘17
473 3180 507 3221 si
537 3181 849 3233 interpolatum
870 3186 1005 3234 putat
1032 3182 1146 3235 Eny,
1176 3188 1360 3225 seruans
1381 3184 1506 3236 infra
1531 3184 1556 3225 Z.
1578 3186 1634 3223 18
1657 3185 1699 3224 et
1731 3187 1830 3224 ante
1862 3187 1963 3235 q'uo-

165 3250 289 3292 modo
314 3252 403 3303 (sed
423 3252 478 3304 cf.
501 3265 637 3304 supra
661 3252 688 3295 Z.
712 3255 790 3293 13:
817 3265 921 3304 quae
955 3257 1054 3295 sunt
1078 3255 1277 3295 creatoris
1288 3254 1325 3305 5³)
1408 3254 1458 3296 18
1483 3252 1692 3307 quomodo
1723 3253 1897 3306 scripsi:
1923 3255 1964 3293 et

165 3321 376 3375 quomodo
407 3321 517 3374 MR,
550 3322 809 3375 ecquomodo
838 3323 1041 3365 Oehzerus
1105 3325 1160 3365 24
1183 3326 1335 3374 omnia,
1362 3337 1467 3377 quae
1490 3324 1666 3376 scripsi:
1694 3336 1799 3377 quae
1825 3324 1966 3364 omnia

164 3393 260 3435 MR
346 3392 534 3434 habebat
555 3395 729 3446 scripsi.-
759 3394 890 3435 habet
911 3394 1009 3436 MR
1068 3395 1119 3436 25
1153 3395 1323 3448 aliquod
1352 3395 1631 3436 Ciaccom'us:
1660 3395 1844 3448 aliquem
1867 3393 1964 3434 MR
