2248 3646
126 1126 167 1156 10

125 1545 163 1575 15

120 1971 162 2001 20

687 187 756 228 VI.
787 187 1053 229 Aduersus
1083 188 1316 228 Praxean
1349 188 1531 229 26ffi27.
1907 192 2008 241 279

202 343 300 407 qui
342 343 440 403 sis,
479 342 651 392 filius
692 342 797 391 dei.
835 344 1029 406 patrem
1070 345 1120 392 et
1163 342 1271 406 ipse
1310 342 1495 392 adorat.
1543 343 1799 394 Christum
1839 361 1890 394 se
1931 344 2009 394 dei

200 445 226 477 a
257 429 402 477 Petro
455 427 680 493 agnitum
732 442 828 476 non
875 429 1036 491 negat.
1091 427 1316 477 exultans
1361 427 1410 476 in
1459 428 1639 491 spiritu
1694 428 1753 478 ad
1792 432 2008 493 patrem:

200 511 507 574 confiteor,
552 510 729 574 inquit,
774 511 905 573 tibi,
951 512 1132 574 pater,
1181 511 1335 575 quod
1374 511 1762 562 absconderis
1801 514 1945 563 haec
1985 529 2012 563 a

199 596 589 660 sapientibus.
649 595 730 644 hic
791 611 986 660 quoque
1047 598 1237 660 patrem
1291 596 1477 645 nemini
1531 600 1704 647 notum
1759 598 1857 648 nisi
1908 598 2013 647 filio

199 681 441 731 adfirmat.
482 683 532 730 et
576 681 734 744 patris
772 681 931 730 filium
979 682 1012 744 †
1053 681 1373 730 confessurus
1422 681 1733 733 confessores
1776 685 1826 733 et
1869 699 2014 749 nega-

196 770 338 815 turus
384 768 647 831 negatores
695 781 814 816 suos
864 765 997 829 apud
1034 768 1243 828 patrem,
1290 766 1531 816 inducens
1579 767 1864 832 parabolam
1905 768 2012 831 filii,

197 866 291 899 non
336 850 511 913 patriS,
560 850 608 898 in
654 850 853 899 uineam
900 851 1045 899 missi
1090 853 1207 915 post
1253 850 1445 914 aliquot
1490 867 1663 903 seruos
1706 855 1756 902 et
1794 853 1945 903 occisi
1988 868 2016 902 a

197 935 341 984 malis
386 935 590 984 rusticis
638 937 687 984 et
733 950 758 984 a
803 937 942 998 patre
992 934 1198 994 defensi,
1245 935 1480 1000 ignorans
1528 939 1579 986 et
1623 938 1732 1002 ipse
1787 938 1917 987 diem
1965 940 2018 987 et

195 1019 365 1068 horam
404 1019 635 1068 ultimam
676 1019 770 1069 soli
801 1019 930 1082 patri
963 1022 1147 1075 notam,
1189 1019 1457 1084 disponens
1489 1036 1698 1086 regnum
1732 1022 2011 1086 discipuliS,

199 1103 446 1168 quomodo
487 1107 537 1153 et
576 1103 671 1152 sibi
711 1104 1011 1168 dispositum
1052 1104 1176 1153 dicit
1214 1119 1241 1153 a
1278 1108 1434 1169 patre,
1481 1105 1669 1155 habens
1709 1110 2013 1170 potestatem

195 1189 416 1253 legiones
464 1190 754 1254 angelorum
799 1188 1088 1253 postulandi
1126 1190 1188 1239 ad
1234 1190 1475 1240 auxilium
1516 1206 1543 1239 a
1580 1193 1719 1255 patre
1760 1192 1801 1241 si
1840 1193 2012 1251 uellet,

196 1274 473 1323 exclamans
501 1273 632 1337 quod
665 1289 718 1323 se
751 1273 872 1323 deus
904 1274 1208 1337 reliquisset,
1240 1275 1288 1323 in
1322 1275 1478 1339 patris
1511 1277 1743 1326 manibus
1777 1277 2010 1341 spiritum

193 1374 396 1421 ponem,
432 1361 481 1407 et
509 1360 626 1422 post
648 1359 1063 1408 resurrectionem
1090 1359 1340 1422 spondens
1366 1361 1639 1411 missurum
1669 1377 1721 1412 se
1749 1361 2015 1425 discipulis

193 1444 576 1506 promissionem
615 1444 788 1508 patrm,
829 1446 879 1493 et
930 1445 1206 1494 nouissime
1252 1445 1491 1496 mandans
1538 1450 1596 1496 ut
1632 1447 1920 1513 tinguerent
1965 1447 2013 1494 in

193 1533 383 1593 patrem
425 1531 475 1578 et
509 1528 671 1578 filium
703 1532 754 1578 et
785 1529 1020 1593 spiritum
1062 1532 1308 1589 sanctum,
1349 1546 1444 1580 non
1483 1532 1530 1580 in
1566 1548 1736 1582 unum.
1777 1547 1888 1581 nam
1922 1547 2014 1581 nec

194 1614 364 1674 semel,
386 1614 473 1663 sed
499 1617 589 1673 ter,
616 1614 678 1662 ad
702 1615 902 1680 singula
919 1615 1122 1664 nomina
1139 1616 1184 1664 in
1204 1631 1441 1680 personas
1469 1617 1694 1682 singulas
1721 1617 2015 1682 tinguimur.

263 1700 344 1748 27.
382 1699 446 1748 Et
484 1699 602 1763 quid
651 1715 742 1765 ego
781 1700 831 1748 in
879 1703 980 1748 tam
1028 1700 1308 1749 manifestis
1354 1702 1598 1762 morabor,
1647 1717 1760 1751 cum
1809 1717 1864 1751 ea
1903 1715 2013 1749 con-

193 1783 328 1849 gredi
362 1784 584 1843 debeam,
620 1784 677 1834 de
711 1785 893 1848 quibus
927 1786 1196 1835 manifesta
1228 1786 1523 1835 obumbrare
1556 1789 1832 1851 quaerunt?
1872 1786 2014 1836 undi-

193 1884 286 1932 que
336 1868 476 1918 enim«
513 1869 717 1919 obducti
766 1870 1085 1920 distinctione
1122 1858 1288 1933 ‘patris
1337 1875 1387 1920 et
1429 1870 1534 1934 filii,
1587 1887 1736 1935 quam
1783 1874 2013 1921 manente

193 1954 538 2004 coniunctione
586 1954 900 2019 disponimus
948 1957 1006 2004 ut
1053 1956 1175 2005 solis
1225 1959 1273 2005 et
1309 1956 1435 2005 radii
1476 1959 1526 2006 et
1563 1957 1716 2007 fontis
1766 1959 1814 2005 et
1851 1956 2015 2016 fluuii,

190 2055 276 2104 per
313 2039 635 2088 indiuiduum
676 2043 841 2090 tamen
881 2056 1145 2090 numerum
1179 2041 1392 2091 duorum
1426 2045 1475 2092 et
1505 2042 1677 2102 trium,
1719 2042 1864 2092 aliter
1903 2057 2012 2091 eam

192 2124 252 2172 ad
277 2140 420 2173 suam
451 2124 779 2175 nihilominus
813 2127 1111 2176 sententiam
1136 2126 1453 2191 interpretari
1476 2131 1734 2187 conantur,
1767 2131 1825 2176 ut
1857 2141 2015 2190 aeque

190 2209 238 2257 in
273 2225 369 2258 una
398 2225 608 2274 persona
633 2213 900 2275 utrumque
935 2211 1263 2277 distinguant,
1296 2215 1487 2276 patrem
1513 2215 1563 2262 et
1586 2212 1764 2274 filium,
1790 2212 2013 2261 dicentes

335 2348 372 2402 1]
393 2347 443 2389 cf.
462 2349 563 2390 Luc.
583 2349 648 2401 10,
666 2350 734 2390 21.
809 2350 860 2390 cf.
879 2349 979 2391 Luc.
998 2351 1036 2402 9,
1053 2350 1216 2391 20-21
1237 2351 1410 2403 (Matth.
1430 2352 1493 2401 16,
1516 2352 1709 2403 16—17).
1771 2352 1814 2404 2]
1838 2350 1890 2391 cf.
1909 2350 2009 2391 Luc„

194 2419 259 2471 10,
283 2418 351 2459 21.
427 2420 468 2473 3]
485 2420 586 2460 Luc.
616 2420 679 2468 10,
705 2421 780 2474 213
804 2421 962 2462 Matth.
990 2421 1057 2472 11,
1075 2422 1141 2462 25.
1216 2423 1260 2475 4]
1288 2421 1340 2462 cf.
1364 2422 1464 2463 Luc.
1492 2423 1557 2470 10,
1583 2424 1656 2469 22;
1682 2422 1838 2463 Matth.
1860 2422 1925 2469 11,
1943 2420 2011 2461 27.

191 2490 234 2542 5]
262 2489 311 2530 cf.
329 2489 484 2530 Matth.
505 2491 570 2539 10,
589 2491 775 2540 32—332
794 2491 894 2532 Luc.
916 2493 979 2538 12,
999 2492 1122 2533 8—9.
1184 2493 1226 2545 6]
1255 2492 1307 2533 cf.
1326 2493 1479 2536 Matth.
1502 2494 1571 2545 21,
1590 2493 1751 2535 33—41
1769 2512 1777 2543 ;
1796 2493 1924 2534 Marc.
1946 2493 2011 2539 12,

195 2561 433 2609 1—93Luc.
453 2561 519 2613 20,
538 2562 689 2603 9-16,
764 2562 807 2615 8]
829 2563 881 2604 cf.
892 2563 1046 2603 Matth.
1067 2563 1133 2616 24,
1153 2563 1224 2612 363
1239 2563 1368 2605 Marc.
1390 2565 1453 2617 13,
1472 2565 1537 2607 32.
1606 2565 1647 2619 9]
1667 2564 1719 2605 cf.
1737 2564 1838 2606 Luc.
1857 2564 2010 2615 22,29;

194 2632 261 2684 10]
276 2631 491 2674 cfiMatth.
504 2633 649 2679 26,53.
693 2634 1086 2686 12]cf.Luc.23‚46.
1130 2635 1197 2687 13]
1212 2635 1525 2682 cf.Lu0.24,49.
1559 2635 2011 2690 14]cf.Matth.2s,19.

252 2732 268 2771 1
296 2731 357 2772 ad
376 2732 513 2773 uerba
531 2731 939 2787 Christum—negat
963 2735 1018 2787 cf.
1037 2748 1148 2787 quae
1174 2735 1395 2775 adnoto-ui
1408 2735 1535 2788 infra
1554 2735 1615 2776 ad
1638 2736 1664 2776 l.
1688 2739 1712 2776 5
1773 2736 1797 2775 2
1817 2736 2011 2788 agnitum

191 2802 298 2854 PM,
330 2803 547 2856 cognitum
570 2803 617 2844 F
702 2805 895 2845 exultans
921 2804 976 2857 F,
1009 2805 1220 2846 insultans
1245 2806 1342 2846 PM
1369 2806 1500 2859 uulyo
1588 2807 1614 2846 4
1637 2805 1917 2859 sapientibus,
1941 2804 2014 2846 hic

181 2862 292 2926 fort.
408 2873 476 2915 hic
501 2886 670 2927 quoque
694 2874 748 2926 cf.
776 2878 883 2927 278,
910 2878 971 2916 23
1003 2878 1047 2916 et
1076 2876 1117 2916 in
1143 2876 1240 2917 istis
1267 2877 1503 2930 euangeliis
1606 2879 1630 2918 5
1656 2876 1884 2918 adfirmans
1898 2877 2010 2929 fort.

190 2943 324 2996 patris
361 2944 467 2993 PM,
512 2945 625 2998 patri
661 2945 709 2986 F
831 2947 973 2987 nescio
1007 2960 1067 2987 an
1097 2948 1180 2988 huc
1216 2948 1305 2989 sint
1342 2948 1575 2989 inserenda
1605 2961 1717 3000 quae
1752 2960 1891 3001 supra
1931 2947 1957 2987 Ζ.
1988 2949 2014 2986 1

193 3017 405 3070 leguntur,
441 3016 520 3057 hoc
555 3016 705 3058 modo:
745 3021 788 3059 et
820 3018 951 3072 patris
984 3018 1118 3058 filium
1157 3017 1374 3060 Christum
1413 3031 1457 3059 se
1497 3018 1565 3059 dei
1599 3032 1623 3059 a
1652 3018 1781 3059 Petro
1815 3018 2010 3072 agnitum

193 3100 275 3127 non
308 3090 451 3140 negat,
477 3087 745 3129 confessurus
835 3088 1104 3130 confessurus
1128 3089 1239 3140 MF,
1272 3089 1563 3130 confessurum
1588 3090 1630 3130 P
1657 3090 1790 3143 uulyo
1879 3102 2009 3141 nega-

192 3160 311 3198 turus
334 3157 445 3211 MF,
476 3162 732 3212 negaturum
754 3159 942 3212 Puuzqo
1030 3161 1054 3200 9
1087 3160 1166 3200 soli
1187 3159 1295 3211 PM,
1328 3159 1409 3200 sibi
1432 3160 1479 3200 F
1559 3162 1607 3201 17
1638 3159 1879 3201 manifestis
1902 3158 2012 3210 PM,

193 3227 478 3269 manifestatis
501 3227 549 3270 E
660 3229 861 3282 congredi
879 3229 986 3282 PM,
1012 3229 1191 3283 aggredi
1214 3229 1296 3271 FR
1317 3230 1448 3284 ualyo
1532 3231 1580 3271 19
1603 3230 1711 3283 (de)
1732 3229 2010 3271 distinctione

199 3297 403 3339 Oehlerus
488 3299 542 3339 23
575 3298 764 3340 dicentes
797 3299 908 3351 MF,
942 3299 1154 3341 discentes
1186 3300 1371 3354 Paulyo
