2248 3646
90 1214 127 1243 10

89 1638 127 1669 15

89 2062 130 2094 20

90 2488 130 2520 25

553 270 713 313 11.De
746 269 930 312 Carnis
959 268 1369 310 Resurrectione
1400 269 1580 310 57-59.
1874 274 1973 322 119

161 433 329 479 menta
351 427 566 478 filiorum
591 426 827 477 Israhelis
859 425 1188 491 quadraginta
1210 425 1313 474 illis
1345 425 1485 475 annis
1513 424 1748 474 indetrita
1776 426 1975 477 inobso-

160 516 259 563 leta
287 515 592 572 manserunt,
626 512 759 577 quod
790 514 840 561 et
869 512 918 560 in
950 511 1075 576 ipsis
1118 511 1406 575 corporibus
1447 510 1693 575 unguium
1732 513 1783 560 et-
1812 511 1975 575 capil-

158 601 319 649 lorum
378 598 545 648 facilia
604 600 854 647 crementa
914 600 963 646 et
1021 595 1299 646 habilitatis
1354 598 1403 644 et
1462 594 1722 660 dignitatis
1776 595 1974 645 iustitia

160 684 340 744 defixit,
379 699 438 733 ne
471 683 621 733 etiam
653 682 922 732 enormitas
955 681 1237 744 corruptela
1269 680 1607 745 deputaretur,
1649 680 1782 745 quod
1813 680 1975 745 Baby-

157 769 278 819 lonii
316 770 458 834 ignes
497 769 650 818 trium
680 769 891 818 fratrum
923 782 1011 816 nec
1052 766 1204 816 tiaras
1236 780 1325 816 nec
1357 766 1630 825 sarabaras,
1672 781 1974 829 quamquam

157 854 357 903 Iudaeis
389 852 591 915 alienas,
620 852 891 912 laeserunt,
925 851 1056 915 quod
1086 852 1233 900 Ionas
1266 850 1535 900 deuoratus
1568 866 1596 899 a
1627 850 1776 900 belua
1806 851 1974 911 maris,

156 939 205 987 in
251 938 394 988 cuius
442 938 556 987 aluo
603 937 864 1002 naufragia
908 935 1279 1002 digerebantur,
1333 935 1499 985 triduo
1553 939 1670 998 post
1713 935 1975 985 incolomis

158 1022 404 1086 expuitur,
445 1021 579 1086 quod
622 1021 770 1072 hodie
808 1021 980 1071 Enoch
1021 1023 1070 1069 et
1107 1021 1297 1081 HeliaS,
1344 1019 1566 1069 nondum
1611 1019 1975 1070 resurrectione

158 1107 426 1172 dispuncti,
465 1107 582 1171 quia
620 1122 708 1156 nec
746 1108 906 1156 morte
943 1105 1122 1166 functi,
1162 1121 1260 1169 qua
1289 1108 1457 1154 tamen
1491 1104 1550 1154 de
1591 1104 1707 1154 orbe
1745 1105 1977 1154 translati

158 1196 208 1242 et
251 1193 346 1242 hoc
388 1192 499 1256 ipso
545 1192 644 1241 iam
692 1191 1002 1241 aeternitatis
1050 1190 1318 1251 candidati,
1366 1190 1426 1239 ab
1474 1190 1608 1240 omni
1655 1189 1780 1240 uitio
1828 1193 1879 1240 et
1915 1190 1975 1239 ab

158 1277 290 1327 omni
344 1277 522 1328 damno
570 1284 620 1327 et
663 1278 723 1327 ab
778 1276 911 1326 omni
969 1276 1152 1326 iniuria
1203 1279 1253 1325 et
1298 1274 1602 1325 contumelia
1648 1275 1976 1324 emunitatem

158 1362 319 1412 carnis
368 1362 621 1413 ediscunt:
669 1361 867 1412 cuinam
915 1362 1031 1411 fidei
1077 1359 1425 1411 testimonium
1475 1360 1690 1425 signant,
1738 1360 1835 1409 nisi
1881 1375 1975 1424 qua

157 1447 290 1497 credi
320 1452 518 1512 oportet
547 1448 669 1497 haec
708 1447 903 1497 suturae
942 1446 1249 1512 integritatis
1283 1460 1391 1496 esse
1424 1445 1756 1495 documenta?
1787 1445 1977 1510 figurae

157 1533 286 1583 enim
331 1536 529 1583 nostrae
574 1533 779 1582 suerunt
816 1532 1044 1597 apostolo
1085 1534 1303 1591 auctore,
1343 1546 1469 1594 quae
1515 1530 1704 1594 scripta
1742 1535 1873 1589 sunt,
1921 1533 1978 1588 ut

158 1621 209 1668 et
254 1618 511 1668 dominum
563 1618 899 1682 potentiorem
946 1617 1206 1668 credamus
1261 1616 1395 1665 ornni
1449 1630 1712 1680 corporum
1762 1615 1875 1682 lege
1929 1619 1980 1668 et

158 1703 318 1754 carnis
364 1705 527 1770 magis
572 1704 748 1768 utique
795 1706 1213 1763 conseruatorem,
1270 1700 1414 1750 cuius
1469 1700 1620 1750 etiam
1673 1701 1980 1751 uestimenta

157 1788 307 1838 etiarn
348 1790 674 1840 calciamenta
710 1789 937 1853 protexit.

229 1875 310 1926 59.
360 1874 457 1925 Sed
501 1876 748 1935 futurum,
795 1875 979 1938 inquis,
1029 1888 1208 1931 aeuum
1255 1872 1462 1922 alterius
1510 1874 1589 1921 est
1632 1871 1977 1935 dispositionis

159 1962 208 2008 et
267 1965 516 2020 aeternae3
570 1961 729 2026 igitur
788 1960 937 2009 huius
997 1959 1109 2009 aeui
1172 1957 1509 2008 substantiam
1569 1971 1665 2006 non
1726 1960 1978 2006 aeternam

160 2044 358 2095 diuersa
394 2044 651 2110 possidere
697 2060 792 2094 non
833 2060 997 2109 posse.
1038 2044 1201 2108 plane,
1249 2043 1291 2093 si
1337 2043 1486 2092 homo
1526 2044 1730 2106 propter
1768 2041 1979 2106 disposi-

158 2131 344 2180 tionem
384 2131 606 2180 futuram
647 2134 697 2180 et
734 2147 829 2180 non
863 2129 1128 2194 dispositio
1167 2131 1369 2193 propter
1407 2127 1679 2177 hominem.
1719 2127 1806 2176 sed
1848 2127 1977 2176 enim

162 2216 421 2282 apostolus
469 2216 715 2266 scribens:
766 2216 903 2265 siue
942 2214 1215 2266 mundus
1267 2214 1406 2263 siue
1452 2213 1590 2262 uita.
1636 2212 1775 2261 siue
1814 2227 1976 2262 mors

162 2302 300 2351 siue
352 2302 574 2351 futura
627 2302 766 2351 siue
820 2300 1210 2365 praesentia,
1273 2298 1478 2349 omnia
1531 2300 1755 2347 uestra
1810 2299 1976 2356 sunt,

160 2387 360 2437 eosdem
402 2388 669 2438 constituit
698 2386 906 2436 heredes
946 2386 1096 2436 etiam
1135 2385 1433 2434 futurorum.
1473 2383 1599 2433 nihil
1636 2382 1729 2432 tibi
1766 2382 1980 2447 largitur

160 2472 337 2523 Esaias
392 2473 581 2523 dicens:
637 2472 841 2522 omnis
896 2487 1040 2522 caro
1094 2470 1348 2530 foenum,
1403 2468 1570 2533 (quia)
1624 2470 1675 2517 et
1726 2467 1868 2516 alibi:
1924 2470 1981 2516 et

161 2557 415 2608 uidebit
463 2558 664 2608 omnis
713 2572 854 2607 caro
897 2557 1184 2606 salutare
1226 2554 1340 2604 dei.
1389 2555 1569 2614 exitus,
1615 2568 1712 2603 non
1747 2552 1977 2602 substan-

162 2644 274 2704 tias,
315 2643 555 2693 distinxit.
596 2643 708 2707 quis
741 2642 871 2692 enim
901 2641 1149 2691 iudicium
1182 2640 1260 2690 dei
1292 2655 1386 2690 non
1419 2640 1467 2688 in
1501 2637 1752 2688 sententia
1791 2636 1980 2702 duplici

302 2796 345 2850 4]
381 2794 432 2836 cf.
464 2795 574 2836 Dan.
607 2795 646 2847 3,
679 2795 747 2834 24.
831 2794 873 2847 6]
908 2793 961 2835 cf.
993 2793 1086 2836 Ion.
1118 2793 1157 2844 2,
1193 2793 1228 2833 1.
1308 2792 1351 2845 8]
1385 2791 1438 2834 cf.
1472 2790 1578 2833 Gen.
1611 2791 1649 2840 5,
1682 2790 1749 2831 24.
1840 2789 1890 2831 cf.
1917 2789 1976 2830 IV

159 2867 269 2926 Reg,
296 2867 335 2915 2,
370 2866 435 2907 11.
525 2866 595 2919 13]
630 2865 682 2906 cf.
711 2865 732 2906 I
765 2864 858 2907 Cor.
890 2866 927 2917 9,
962 2864 1027 2908 10.
1123 2863 1192 2917 22]
1224 2862 1246 2903 Ι
1277 2861 1370 2905 Cor.
1403 2864 1441 2917 3,
1475 2863 1541 2903 22.
1631 2861 1701 2915 25]
1735 2862 1806 2902 Es.
1836 2861 1906 2910 40,
1937 2862 1977 2902 6.

161 2937 232 2979 Es.
265 2938 334 2993 40,
366 2940 404 2979 5.

221 3037 241 3077 1
274 3036 517 3078 inobsoleta
546 3034 696 3087 PMF,
736 3038 780 3076 et
815 3035 1059 3075 inobsoleta
1101 3035 1137 3074 C
1220 3034 1244 3075 3
1283 3032 1429 3074 facilia
1467 3032 1684 3073 crementa
1722 3032 1767 3071 et
1801 3028 1978 3081 scripsi:

163 3110 207 3149 et
222 3107 368 3149 facilia
384 3111 600 3149 crementa
619 3106 763 3147 PMF
830 3109 856 3147 4
881 3105 1110 3147 enormitas
1132 3104 1184 3154 P,
1208 3104 1431 3145 inormitas
1448 3104 1513 3157 M,
1538 3101 1743 3143 normitas
1758 3100 1806 3142 F
1889 3113 1978 3140 cor-

164 3178 333 3233 ruptela
374 3177 525 3228 PMF,
572 3177 837 3231 corruptelae
886 3175 966 3218 Gel
1053 3178 1077 3218 5
1124 3175 1345 3216 sarabaras
1389 3174 1565 3226 scripsi:
1609 3171 1781 3213 sarabas
1825 3169 1978 3222 PMF,

165 3250 363 3291 sarabara
390 3249 470 3291 Gel
557 3250 581 3290 6
613 3248 774 3289 alienas
804 3247 954 3294 PMF,
988 3247 1125 3287 aliena
1153 3246 1233 3288 Gel
1321 3246 1370 3285 11
1405 3243 1683 3285 emunitatem
1715 3241 1867 3292 PMF,
1898 3241 1977 3281 im-

166 3322 419 3362 munitatem
443 3320 485 3361 B
576 3321 626 3360 16
652 3323 994 3360 conseruatorem
1023 3318 1125 3359 Gel:
1149 3324 1193 3358 et-
1213 3318 1553 3358 conseruatorem
1577 3314 1721 3356 PMF
1804 3314 1856 3354 25
1882 3314 1978 3365 quia

168 3392 325 3433 addida·
