2248 3646
82 1144 119 1172 10

77 1572 114 1602 15

70 1995 111 2026 20

507 205 601 247 VII.
632 206 893 247 Aduersus
924 207 1234 248 Marcionem
1265 207 1341 248 lib.
1375 208 1393 248 Ι
1429 208 1606 258 12—13.
1870 212 1969 260 307

159 362 209 409 et
245 360 303 409 de
339 361 437 410 isto
477 360 626 409 huius
664 360 838 411 mundi
874 360 1078 425 indigno
1117 360 1309 425 loquar,
1359 360 1440 411 0111
1485 364 1535 411 et
1573 363 1706 426 apud
1747 361 1966 414 Graecos

158 445 433 494 ornamenti
471 448 521 495 et
558 445 743 505 cultUS,
781 461 876 494 non
917 445 1155 503 sordium,
1195 461 1373 495 nomen
1420 449 1511 506 est,
1560 447 1791 512 indignas
1831 449 1967 498 uide-

155 530 274 580 licet
319 530 626 580 substantias
672 530 769 594 ipsi
816 529 890 579 illi
936 530 1207 593 sapientiae
1260 531 1588 593 professores,
1643 532 1702 581 de
1757 548 1968 596 quorum

154 615 366 681 ingeniis
413 616 574 665 omnis
628 616 847 665 haeresis
900 616 1163 674 animatur,
1218 614 1336 665 deos
1390 617 1856 680 pronuntiauerunt,
1912 622 1970 668 ut

155 701 334 750 Thales
382 716 577 764 aquam,
631 704 688 750 ut
730 701 1016 751 Heraclitus
1061 701 1248 765 ignem,
1300 704 1358 750 ut
1403 703 1731 753 Anaximenes
1786 708 1966 762 aerem,

152 789 210 836 111
267 786 633 835 Anaximander
699 786 933 835 uniuersa
995 786 1247 846 caelestia,
1314 790 1370 836 ut
1431 786 1596 837 Strato
1659 788 1854 838 caelum
1919 792 1968 838 et

151 874 349 931 terram,
397 873 453 920 ut
498 871 627 920 Zeno
675 876 835 920 aerem
885 874 933 920 et
979 872 1247 931 aetherem,
1303 874 1361 922 111
1405 872 1548 922 Plato
1605 873 1786 934 sidera,
1842 889 1968 937 quae

150 971 306 1021 genus
346 956 551 1005 deorum
590 957 790 1020 igneum
832 957 1065 1020 appellat,
1113 971 1225 1005 011111
1267 957 1326 1006 de
1364 957 1567 1018 mundo,
1609 958 1965 1007 considerando

151 1041 345 1091 scilicet
390 1043 440 1090 et
485 1040 883 1105 magnitudinem
931 1044 979 1090 et
1024 1042 1129 1090 uim
1176 1044 1224 1091 et
1274 1043 1579 1105 potestatem
1636 1046 1686 1091 et
1728 1043 1963 1092 honorem

152 1130 201 1176 et
260 1127 502 1187 decorem,
564 1142 706 1191 opem
767 1126 916 1176 fidem
982 1127 1147 1191 legem
1209 1127 1523 1192 singulorum
1585 1128 1964 1190 elementorum,

150 1228 274 1276 quae
336 1213 566 1261 omnibus
628 1212 890 1277 gignendis
954 1212 1145 1262 alendis
1206 1212 1528 1262 conficiendis
1583 1213 1963 1277 reficiendisque

148 1298 447 1360 conspirant,
488 1300 545 1346 111
582 1298 806 1360 plerique
843 1298 1183 1362 physicorum,
1216 1297 1613 1358 formidauerint,
1647 1295 1865 1365 [initium
1906 1314 1961 1348 30

145 1384 292 1432 finem
338 1384 521 1433 mundo
570 1381 816 1449 constare]
872 1398 931 1432 ne
987 1383 1298 1432 substantiae
1352 1383 1477 1443 eius,
1530 1386 1698 1433 tantae
1754 1384 1963 1443 scilicet,

145 1470 310 1518 minus
371 1469 449 1517 dei
510 1469 824 1528 haberentur,
888 1484 1011 1532 quas
1074 1469 1245 1518 colunt
1300 1471 1349 1518 et
1403 1469 1663 1518 Persarum
1718 1469 1854 1534 magi
1915 1472 1964 1518 et

143 1555 507 1620 Aegyptiorum
552 1555 910 1618 hierophantae
957 1557 1007 1603 et
1052 1554 1288 1603 Indorum
1336 1554 1797 1619 gymnosophistae.
1854 1555 1966 1618 ipsa

144 1656 340 1704 quoque
372 1640 599 1704 uulgaris
633 1640 927 1704 superstitio
962 1639 1243 1689 communis
1267 1638 1545 1698 idolatriae,
1580 1654 1693 1688 011111
1725 1639 1774 1688 111
1808 1639 1962 1688 simu-

141 1726 287 1774 lacris
329 1726 386 1774 de
425 1725 711 1774 nominibus
753 1727 803 1773 et
840 1724 1025 1773 fabulis
1065 1726 1294 1773 ueterum
1334 1725 1647 1772 mortuorum
1687 1723 1858 1788 pudet,
1901 1724 1962 1773 ad

139 1811 599 1875 interpretationem
647 1811 949 1860 naturalium
989 1810 1179 1875 refugit
1218 1812 1267 1858 et
1305 1809 1523 1859 dedecus
1565 1825 1712 1859 suum
1758 1811 1960 1875 ingenio

141 1896 417 1955 obumbrat,
456 1896 675 1960 figurans
708 1896 881 1945 Iouem
912 1896 960 1944 in
996 1895 1330 1944 substantiam
1364 1895 1605 1944 feruidam
1640 1898 1688 1944 et
1717 1896 1958 1945 Iunonem

142 1982 248 2031 eius
308 1982 352 2030 in
408 1986 596 2030 aeream
654 1981 929 2031 seeundum
986 1996 1166 2030 sonum
1214 1979 1519 2030 Graecorum
1578 1982 1957 2042 uocabulorum,

139 2068 260 2117 item
318 2068 523 2118 Vestam
582 2068 631 2116 in
684 2068 854 2133 ignem
916 2071 965 2117 et
1012 2067 1252 2117 Camenas
1299 2067 1347 2115 in
1395 2081 1574 2129 aquam
1629 2069 1679 2116 et
1721 2066 1960 2131 Magnam

138 2153 351 2203 Matrem
376 2154 425 2203 in
449 2157 630 2203 terram
662 2153 921 2203 seminalia
948 2152 1246 2211 demessam,
1279 2152 1479 2201 lacertis
1506 2154 1712 2211 aratam,
1744 2152 1959 2201 lauacris

137 2239 366 2304 rigatam.
393 2239 464 2288 sic
498 2242 560 2299 et,
589 2239 748 2289 Osiris
781 2238 913 2302 quod
946 2254 1143 2301 semper
1175 2237 1416 2302 sepelitur
1449 2240 1497 2286 et
1527 2237 1577 2286 in
1601 2237 1776 2287 uiuido
1811 2252 1959 2301 quae-

136 2325 263 2374 ritur
300 2328 349 2374 et
387 2340 500 2373 eum
541 2324 722 2390 gaudio
761 2323 1031 2383 inuenitur,
1078 2324 1444 2386 reciprocarum
1491 2323 1694 2388 frugum
1742 2326 1791 2372 et
1829 2324 1960 2372 uiui-

90 2421 108 2451 5
138 2410 311 2460 dorum
374 2411 735 2460 elementorum
797 2412 845 2458 et
897 2409 1109 2458 recidiui
1164 2409 1275 2457 anni
1330 2408 1476 2457 fidem
1531 2410 1957 2473 argumentantur,

138 2497 271 2545 sicut
314 2496 478 2545 aridae
524 2499 574 2544 et
620 2495 837 2544 ardentis
893 2497 1098 2544 naturae
1152 2496 1465 2543 sacramenta
1516 2494 1685 2543 leones
1740 2493 1955 2542 Mithrae

135 2582 571 2645 philosophantur.
619 2584 668 2630 et
706 2581 988 2644 superiores
1030 2580 1228 2644 quidem
1277 2580 1380 2629 situ
1419 2582 1506 2627 aut
1546 2581 1682 2628 statu
1724 2578 1957 2627 substan-

277 2724 319 2776 7]
354 2722 405 2764 cf.
437 2723 563 2763 Plato
595 2723 702 2764 Tim.
734 2737 773 2775 p.
805 2722 859 2763 40
891 2722 925 2763 A

194 2823 215 2863 7
244 2829 350 2875 quae
374 2822 439 2875 M,
466 2821 579 2874 quod
604 2821 645 2864 R
729 2822 780 2862 12
811 2820 1136 2862 formidauerint
1157 2822 1211 2872 R,
1241 2820 1588 2860 formidauerunt
1611 2818 1712 2859 MF
1810 2818 1955 2858 formi-

137 2893 334 2934 dauerint
346 2894 439 2935 scil.
458 2892 581 2934 deum
605 2907 700 2934 eum
715 2892 1013 2946 pronuntiare
1098 2892 1527 2933 initium—constare
1549 2891 1707 2932 seclusi
1783 2889 1834 2930 13
1856 2902 1950 2930 con-

135 2967 248 3006 stare
270 2964 379 3013 MR,
411 2967 526 3005 stare
548 2964 602 3012 F,
636 2963 735 3004 dare
759 2963 847 3015 Riy
861 2961 919 3011 Ν,
946 2963 1205 3004 constituere
1228 2976 1317 3004 van
1342 2962 1416 3003 der
1446 2962 1558 3002 Vliet
1642 2961 1693 3001 15
1716 2950 1955 3001 ierofantae

135 3035 236 3076 MF
320 3036 370 3076 16
401 3034 445 3075 in
476 3035 714 3076 simulacris
744 3035 835 3076 scil.
867 3039 905 3075 et
934 3035 983 3074 in
1012 3034 1184 3085 statuis,
1215 3034 1265 3073 in
1295 3033 1451 3086 quibus
1479 3033 1705 3085 insculpta
1743 3036 1846 3072 sunt
1875 3044 1954 3071 ‘no-

135 3107 268 3159 mina,
292 3111 330 3147 et
351 3106 399 3146 in
423 3105 598 3158 tabulis,
630 3106 679 3147 in
709 3105 864 3158 quibus
895 3105 1090 3157 depictae
1119 3109 1222 3146 sunt
1242 3104 1436 3157 fabulae
1464 3109 1657 3144 ueterum
1686 3107 1956 3143 mortuorum

138 3178 187 3218 19
224 3177 431 3218 Iunonem
467 3177 702 3229 <uxorem>
738 3176 827 3217 eius
864 3189 978 3228 susp.
1016 3175 1118 3228 Eny
1234 3175 1288 3216 20
1334 3175 1491 3215 aeriam
1531 3173 1588 3213 M
1699 3173 1750 3213 21
1800 3185 1953 3225 aquam

136 3247 244 3301 MF,
277 3261 408 3302 aquas
439 3248 482 3289 R
589 3248 643 3289 23
683 3246 819 3289 Osiris
850 3246 924 3300 R1,
965 3247 1091 3287 ostris
1123 3246 1188 3294 M,
1229 3244 1371 3286 Osirin
1404 3245 1466 3286 Rss
1569 3245 1622 3284 26
1661 3245 1839 3284 naturae
1872 3255 1953 3284 om.

136 3317 170 3358 1<
292 3319 444 3360 mitrae
475 3318 540 3369 M,
570 3319 675 3359 mire
707 3318 753 3359 F

1818 3395 1894 3437 20*
