2248 3646
127 1185 163 1214 10

127 1609 164 1640 15

126 2036 165 2065 ‘20

498 248 592 290 VII.
624 247 883 289 Aduersus
915 248 1222 289 Marcionem
1255 249 1650 291 lib.111138—39.
1883 255 1981 303 553

194 405 492 464 uenientem,
525 404 609 468 qui
642 404 790 453 alium
823 404 870 452 in
903 403 1096 453 nomine
1131 404 1234 453 eius
1267 404 1522 468 recepisti!
1633 404 1902 455 Videamus
1937 409 1985 456 et

197 504 317 553 quae
342 489 481 553 signa
510 488 817 552 temporibus
849 489 1091 551 imponat:
1125 488 1271 547 bella,
1305 490 1488 553 opinor,
1522 491 1570 538 et
1599 505 1806 555 regnum
1837 506 1985 555 super

194 589 399 638 regnum
439 574 487 621 et
518 575 714 637 gentem
747 588 893 636 super
925 575 1121 637 gentem
1162 579 1210 621 et
1238 575 1432 636 pestem
1464 576 1512 622 et
1542 574 1696 623 fames
1728 577 1983 640 terraeque

195 661 358 707 motus
398 659 446 706 et-
483 656 770 707 formidines
812 659 860 705 et
897 656 1121 721 prodigia
1160 657 1217 706 de
1256 657 1407 718 caeIO,
1450 673 1572 721 quae
1613 658 1774 707 omnia
1811 675 1982 710 seuero

197 745 246 791 et
282 741 432 791 atroci
471 741 559 790 deo
601 743 893 806 congruunt.
933 741 1052 790 haec
1093 756 1201 790 cum
1244 741 1396 791 adicit
1426 742 1575 790 etiam
1610 746 1832 806 oportere
1863 745 1983 805 fieri,

195 843 338 891 quem
392 841 444 876 se
503 828 751 889 praestat?
811 826 1169 875 destructorem
1229 841 1286 874 an
1346 827 1656 890 probatorem
1719 829 1983 879 creatoris?

195 912 333 961 cuius
369 910 718 975 dispositiones
751 910 1005 960 confirmat
1034 909 1230 975 impleri
1262 913 1501 975 oportere,
1528 927 1649 975 quas
1679 914 1736 961 ut
1768 912 1983 977 optimus

193 998 293 1044 tam
317 996 485 1044 tristes
519 1010 665 1059 quam
698 997 886 1045 atroces
920 995 1211 1045 abstulisset
1242 996 1408 1060 potius
1442 1010 1588 1059 quam
1622 997 1983 1057 constituisset,

194 1081 233 1129 si
273 1096 366 1130 non
396 1081 554 1145 ipsius
586 1080 812 1130 fuissent.
846 1082 956 1130 ante
989 1080 1110 1129 haec
1144 1084 1310 1130 autem
1342 1081 1713 1144 persecutiones
1747 1081 1817 1131 eis
1848 1097 1983 1146 prae-

195 1165 325 1214 dicat
362 1167 411 1215 et
447 1166 701 1229 passiones
742 1168 1023 1226 euenturaS,
1061 1166 1110 1214 in
1148 1166 1438 1230 martyrium
1477 1165 1650 1229 utique
1689 1169 1738 1215 et
1773 1167 1821 1215 in
1856 1168 1985 1216 salu-

193 1252 308 1299 tem.
340 1250 506 1315 accipe
536 1250 874 1314 praedicat-um
905 1250 953 1299 in
985 1250 1244 1300 Zacharia:
1278 1250 1564 1312 dominuS,
1601 1250 1777 1315 inquit,
1812 1253 1984 1301 omni—

193 1337 397 1399 potens
437 1338 712 1402 proteget
751 1351 846 1385 eos
887 1337 945 1396 et
976 1339 1323 1385 consument
1353 1336 1513 1398 iilos,
1546 1339 1600 1385 et
1631 1335 1987 1401 lapidabunt

194 1421 497 1485 lapidibus
543 1420 754 1470 fundae
802 1423 857 1470 et
902 1420 1105 1470 bibent
1151 1422 1498 1486 sanguinem
1537 1421 1777 1470 illorum
1815 1422 1987 1472 uelut

194 1507 390 1556 uinum
439 1511 494 1556 et
537 1507 853 1570 replebunt
898 1509 1131 1571 pateras
1179 1507 1344 1570 quasi
1394 1506 1622 1566 altaris,
1678 1509 1735 1556 et
1782 1507 1984 1556 saluos

198 1606 292 1642 eos
324 1591 506 1641 faciet
534 1591 798 1641 dominus
829 1591 935 1640 illo
971 1591 1061 1640 die
1093 1591 1261 1640 uelut
1293 1606 1449 1650 oueS,
1475 1592 1761 1654 populum
1795 1607 1981 1652 suum,

197 1676 330 1740 quia
381 1676 611 1740 lapides
664 1676 852 1726 sancti
906 1676 1194 1726 uolutant.
1250 1679 1297 1725 et
1344 1691 1402 1725 ne
1440 1679 1586 1739 putes
1625 1676 1746 1726 haec
1781 1677 1834 1726 in
1874 1692 1983 1741 pas-

195 1760 356 1810 siones
395 1761 679 1824 praedicari,
720 1776 842 1824 quae
871 1761 985 1810 illos
1016 1763 1092 1810 tot
1121 1761 1364 1810 bellorum
1395 1760 1592 1812 nomine
1625 1761 1683 1810 ab
1717 1761 1983 1826 allophylis

194 1846 472 1906 manebant,
511 1847 701 1910 respice
742 1846 799 1895 ad
841 1846 1050 1909 species
1090 1862 1232 1896 nemo
1271 1846 1318 1895 in
1349 1845 1713 1910 praedicatione
1744 1846 1987 1896 bellorum

194 1931 434 1995 legitimis
473 1931 620 1980 armis
661 1931 1061 1981 debellandorum
1088 1931 1453 1995 ‘lapidationem
1494 1933 1748 1981 enumerat
1785 1931 1988 1996 popula-

194 2016 329 2065 ribus
384 2016 608 2066 coetibus
661 2018 820 2081 magis
876 2019 923 2065 et
960 2017 1135 2065 inermi
1186 2017 1427 2065 tumultui
1478 2015 1796 2076 familiarem3
1844 2031 1986 2065 nemo

193 2103 329 2150 tanta
364 2101 413 2150 in
451 2102 582 2151 bello
624 2102 875 2166 sanguinis
914 2102 1118 2150 flumina
1155 2103 1434 2166 paterarum
1475 2101 1746 2165 capacitate
1784 2100 1988 2150 metitur

195 2188 282 2234 aut
331 2186 480 2235 unius
526 2186 692 2236 altaris
740 2186 1065 2236 cruentationi
1112 2186 1376 2250 adaequat,
1423 2200 1564 2234 nemo
1615 2200 1733 2234 oues
1773 2185 1989 2250 appellat

197 2286 295 2331 eOS,
350 2271 433 2334 qui
485 2271 533 2320 in
586 2271 715 2322 bello
765 2273 937 2321 armati
984 2274 1033 2320 et
1069 2271 1167 2335 ipsi
1207 2287 1261 2320 ex
1300 2271 1470 2320 eadem
1510 2271 1707 2321 feritate
1746 2273 1988 2321 certantes

197 2355 392 2416 cadunt,
441 2356 526 2405 sed
572 2357 655 2420 qui
700 2357 748 2406 in
795 2373 885 2406 sua
928 2357 1227 2421 proprietate
1275 2360 1423 2420 atque
1468 2355 1706 2419 patientia
1754 2355 1987 2405 dedentes

150 2442 361 2504 5potius
424 2442 720 2505 semetipsos
784 2457 928 2506 quam
988 2441 1298 2491 uindicantes
1358 2440 1684 2490 trucidantur.
1754 2440 1987 2504 denique:

199 2526 334 2590 quia
376 2526 626 2590 lapideS,
680 2527 859 2591 inquit,
908 2527 1099 2576 sancti
1147 2527 1437 2583 uolutant,
1485 2541 1578 2575 non
1619 2525 1751 2589 ‘quia
1795 2525 1984 2575 milites

195 2615 445 2675 pugnant'.
490 2611 680 2675 lapides
727 2613 856 2661 enim
902 2615 1018 2661 sunt
1061 2615 1109 2661 et
1152 2611 1488 2671 fundamenta,
1535 2625 1683 2674 super
1729 2625 1853 2674 quae
1900 2625 1988 2660 nos

196 2696 526 2758 aedificamur,
579 2698 814 2747 exstructi
867 2697 1137 2747 secundum
1189 2697 1402 2746 Paulum
1464 2711 1613 2759 super
1671 2695 1990 2745 fundamenta

198 2782 549 2846 apostolorum,
612 2782 695 2846 qui
758 2782 947 2846 lapides
1010 2782 1169 2832 sancti
1224 2781 1441 2845 oppositi
1509 2781 1727 2830 omnium
1781 2779 1989 2830 offensui

335 2962 376 3014 2]
412 2961 462 3002 cf.
493 2962 593 3004 Luc.
623 2961 689 3010 21,
721 2961 871 3004 9—11.
987 2961 1028 3015 5]
1064 2961 1113 3003 cf.
1145 2961 1244 3001 Luc.
1276 2960 1342 3008 21,
1374 2961 1412 3001 9.
1527 2961 1570 3013 9]
1606 2959 1655 3001 cf.
1689 2960 1788 3001 Luc.
1821 2960 1888 3008 21,
1923 2958 1988 2999 12.

201 3031 268 3085 11]
300 3031 419 3073 Zach.
452 3033 489 3085 9,
524 3033 700 3074 15—16.
787 3032 858 3085 26]
892 3032 1014 3073 Zach.
1046 3033 1084 3080 9,
1119 3032 1183 3072 16.
1272 3031 1339 3084 27]
1375 3030 1424 3071 cf.
1457 3030 1565 3084 Eph.
1598 3030 1636 3082 2,
1669 3031 1734 3071 20.

256 3146 274 3185 1
309 3144 491 3186 alienum
527 3145 606 3186 Get
740 3147 764 3185 2
795 3115 987 3198 imponat
1015 3145 1070 3197 R,
1102 3145 1322 3198 imponant
1352 3143 1452 3184 MF
1585 3144 1636 3184 10
1669 3145 1891 3183 euenturas
1921 3141 1988 3188 M,

198 3218 397 3256 uenturas
427 3215 615 3268 Ruulyo
760 3217 807 3256 11
842 3216 983 3269 accipe
1015 3216 1069 3268 R,
1109 3216 1296 3268 accipere
1334 3214 1433 3256 MF
1571 3215 1614 3254 in
1654 3233 1674 3251 ψ
1711 3212 1902 3253 zacharia
1938 3210 1993 3251 M

202 3286 251 3328 16
283 3286 380 3339 quia
409 3286 545 3327 Pam:
580 3287 650 3340 qui
680 3286 776 3328 MR
890 3286 942 3327 26
975 3286 1072 3339 quia
1102 3286 1232 3326 Pam:
1268 3285 1339 3338 qui
1369 3285 1465 3326 MR
1580 3284 1633 3325 28
1666 3282 1988 3324 fundamentum

206 3356 406 3398 Oehlerus
