2340 3658
598 249 694 290 V11.
727 249 994 291 Aduersus
1024 250 1337 291 Marcionem
1368 250 1442 292 lib.
1474 252 1510 291 V
1545 252 1608 293 12.
1906 256 2006 305 617

196 405 433 469 quamdiu
483 405 533 454 in
587 420 728 455 carne
775 421 966 467 sumUS,
1020 420 1076 455 ac
1125 407 1385 470 propterea
1437 406 1612 457 debere
1665 409 1784 458 boni
1829 409 2008 459 ducere

195 489 371 540 abesse
408 489 577 554 potius
618 506 645 539 a
683 505 885 555 corpore
926 493 976 539 et
1014 506 1124 541 esse
1163 505 1278 540 cum
1324 491 1541 552 domino,
1594 494 1652 542 ut
1704 496 1753 543 et
1795 497 2004 544 mortem

192 574 406 624 libenter
443 575 763 639 excipiamus.
804 578 952 640 atque
993 575 1112 625 adeo
1154 591 1323 626 omnes
1365 576 1434 625 ait
1470 593 1559 627 nos
1600 581 1825 642 oportere
1856 580 2009 628 mani-

192 659 365 710 festari
423 663 535 710 ante
588 661 808 710 tribunal
862 660 1066 721 Christi,
1121 664 1178 709 ut
1226 661 1436 726 recipiat
1487 663 1832 726 unusquisque
1883 679 2008 727 quae

139 761 157 790 ε»
194 759 281 808 per
334 760 513 810 corpus
568 745 774 795 admisit
826 746 932 795 siue
979 745 1164 795 bonum
1213 746 1321 795 siue
1365 746 1570 795 malum.
1627 747 1666 796 si
1714 747 1844 797 enim
1890 750 2009 798 tunc

191 830 454 881 retributio
487 832 797 892 meritorum,
833 832 1081 894 quomodo
1106 831 1207 881 iam
1232 832 1386 895 aliqui
1411 847 1524 882 curn
1552 833 1749 882 domino
1775 835 2011 898 poterunt

194 914 457 980 deputari?
497 918 547 965 et
583 916 802 966 tribunal
841 918 1010 965 autem
1050 916 1346 966 nominando
1382 919 1431 966 et
1462 916 1861 980 dispunctionem
1894 919 2009 968 boni

192 1014 248 1050 ac
300 1001 420 1050 mali
472 1001 634 1065 operis
681 1002 946 1065 utriusque
994 1002 1267 1052 sententiae
1305 1001 1523 1051 iudicem
1565 1003 1783 1052 ostendit
1820 1006 1870 1053 et
1908 1019 2009 1054 cor-

189 1086 410 1149 poralem
428 1086 649 1136 omnium
666 1087 1172 1151 repraesentationem
1194 1087 1522 1138 confirmauit.
1555 1103 1649 1137 non
1677 1089 1806 1137 enim
1825 1090 2011 1152 poterit

121 1186 160 1215 ιο
191 1170 324 1234 quod
356 1187 555 1236 corpore
596 1172 873 1222 admissum
905 1174 983 1221 est
1012 1188 1108 1222 non
1142 1187 1345 1235 corpore
1377 1172 1600 1223 iudicari.
1641 1173 1844 1236 iniquus
1878 1174 2007 1223 enim

192 1254 332 1307 deus,
360 1257 402 1305 si
432 1272 526 1306 non
552 1272 638 1321 per
660 1257 710 1306 id
736 1257 944 1320 punitur
975 1257 1086 1320 quis
1119 1260 1205 1306 aut
1235 1258 1455 1318 iuuatur,
1489 1274 1576 1322 per
1607 1259 1738 1321 quod
1773 1262 2005 1323 operatus

193 1344 281 1390 est.
379 1341 439 1391 Si
481 1357 596 1405 qua
636 1358 783 1407 ergo
825 1343 1118 1392 conditio
1160 1358 1324 1392 noua
1362 1343 1421 1391 in
1464 1343 1738 1403 Christo,
1779 1349 2006 1394 uetera

190 1426 610 1488 transierunt,
650 1442 794 1476 ecce
836 1443 995 1476 noua
1032 1428 1203 1476 facta
1237 1429 1387 1476 sunt
1419 1428 1645 1477 omnia:
1687 1428 1897 1492 impleta
1930 1433 2009 1478 est

190 1510 367 1560 Esaiae
406 1512 682 1577 prophetia.
724 1512 768 1561 si
807 1512 958 1561 etiam
995 1511 1151 1573 iubet,
1190 1516 1247 1561 ut
1284 1513 1585 1562 mundemus
1626 1528 1715 1562 nos
1755 1513 1813 1562 ab
1851 1513 2008 1578 inqui—

123 1613 159 1639 ιε»
192 1600 425 1646 namento
479 1598 638 1648 carnis
695 1600 743 1647 et
797 1598 1072 1663 sanguinis,
1127 1613 1222 1646 non
1277 1598 1610 1648 substantiam
1669 1615 1782 1648 seseve
1837 1614 2008 1663 capere

191 1696 398 1748 regnum
440 1683 533 1734 dei.
590 1683 633 1732 si
671 1686 721 1732 et
758 1684 1005 1748 uirginem
1046 1687 1268 1733 sanctam
1309 1684 1525 1732 destinat
1573 1684 1836 1733 ecclesiam
1884 1683 2008 1734 adsi—

200 1782 349 1831 gnare
396 1767 610 1827 Christo,
650 1770 825 1833 utique
880 1771 936 1817 ut
981 1784 1214 1833 sponsam
1263 1784 1462 1832 sponSO,
1502 1785 1596 1819 non
1637 1771 1806 1834 potest
1842 1769 2007 1834 imago

201 1853 436 1919 coniungi
485 1854 688 1903 inimico
743 1854 970 1903 ueritatis
1024 1855 1096 1903 rei
1148 1854 1324 1918 ipsius
1381 1854 1421 1903 si
1468 1856 1517 1902 et
1560 1854 2008 1917 pseudoapostolos

199 1937 322 1986 dicit
373 1939 621 2001 operarios
677 1939 878 1989 dolosos
932 1938 1366 2003 transfiguratores
1428 1939 1521 1998 sui,
1582 1954 1668 2002 per
1725 1938 2006 2003 hypocrisin

126 2034 166 2065 20
198 2022 405 2085 scilicet,
464 2025 876 2084 conuersationiS,
937 2039 1031 2073 non
1093 2024 1479 2087 praedicationis
1540 2024 1846 2073 adulteratae
1898 2039 2007 2072 reos

195 2110 344 2158 taxat.
398 2108 518 2158 adeo
573 2109 632 2157 de
679 2108 959 2171 disciplina,
1013 2123 1108 2157 non
1156 2109 1215 2158 de
1263 2108 1525 2158 diuinitate
1566 2107 1912 2158 dissidebatur.
1967 2109 2006 2158 si

197 2195 455 2243 satanas
496 2193 1019 2259 transfiguratur
1056 2194 1116 2242 in
1157 2195 1452 2259 angelum
1485 2193 1674 2254 luciS,
1715 2208 1809 2242 non
1840 2195 2009 2257 potest

193 2278 285 2328 hoc
325 2279 473 2345 dirigi
508 2279 558 2328 in
598 2281 884 2329 creatorem.
942 2278 1064 2328 deus
1111 2279 1257 2339 enim,
1311 2294 1406 2328 non
1453 2278 1678 2344 angelus,
1733 2281 1923 2328 creator
1958 2279 2005 2327 in

194 2364 340 2414 deum
379 2364 525 2423 luciS,
571 2380 667 2414 non
705 2364 755 2413 in
796 2364 1046 2429 angelum,
1085 2363 1439 2429 transfigurare
1479 2379 1531 2413 se
1571 2363 1735 2412 dictus
1777 2366 1923 2423 esset,
1966 2363 2009 2412 si

118 2461 160 2492 2⁵
191 2465 286 2499 non
319 2465 433 2499 eum
466 2452 690 2499 satanam
722 2448 1042 2515 significaret,
1078 2465 1226 2513 quem
1258 2452 1308 2500 et
1336 2464 1427 2499 nos
1455 2451 1504 2498 et
1526 2448 1750 2498 Marcion
1774 2449 2006 2514 angelum

335 2658 375 2711 1]
411 2657 462 2698 cf.
495 2657 537 2698 ΙΙ
571 2656 663 2700 Cor.
697 2658 736 2708 5,
769 2656 806 2698 8.
896 2657 1025 2710 3—5]
1060 2656 1110 2697 cf.
1142 2656 1187 2697 II
1218 2656 1312 2699 Cor.
1345 2659 1383 2706 5,
1420 2658 1483 2698 10.
1567 2658 1635 2710 12]
1668 2656 1712 2697 ΙΙ
1744 2656 1836 2698 Cor.
1869 2658 1906 2705 5,
1942 2658 2006 2696 17.

192 2728 243 2771 cf.
277 2728 350 2769 Es.
379 2729 449 2776 43,
485 2728 661 2770 18—19.
746 2729 815 2782 14]
850 2727 902 2770 cf.
934 2728 978 2769 Π
1008 2727 1104 2770 Cor.
1137 2729 1175 2777 7,
1211 2728 1247 2769 1.
1338 2727 1388 2769 cf.
1421 2728 1442 2769 Ι
1473 2727 1566 2771 Cor.
1603 2728 1667 2778 15,
1701 2728 1767 2770 50.
1853 2726 1918 2780 16]
1954 2726 2004 2768 cf.

188 2799 232 2840 Π
263 2798 356 2842 Cor.
392 2800 455 2848 11,
488 2799 526 2840 2.
619 2799 687 2853 18]
722 2798 773 2840 cf.
806 2798 849 2840 II
883 2799 976 2841 Cor.
1012 2799 1076 2851 11,
1113 2799 1174 2841 13.
1267 2799 1336 2853 22]
1370 2799 1414 2840 II
1447 2798 1539 2841 Cor.
1573 2799 1638 2848 11,
1672 2799 1736 2838 14.

246 2927 270 2968 3
302 2927 487 2968 libenter
516 2939 595 2968 om.
627 2925 688 2968 121
747 2927 772 2969 6
805 2925 976 2967 domino
1006 2927 1185 2978 scripsi:
1214 2924 1293 2966 deo
1324 2926 1422 2967 MR
1482 2926 1507 2967 8
1539 2926 1800 2980 corporalem
1830 2925 2006 2978 scripsi:

189 2996 489 3051 temporalium
519 2995 649 3047 MR1,
683 3009 904 3050 corporum
935 2995 998 3038 R³
1015 2992 1148 3050 uuzyo'
1294 2996 1346 3038 10
1377 2996 1547 3050 iniquos
1577 2996 1637 3037 M
1777 2997 1824 3036 11
1857 3009 1932 3049 per
1961 2994 2006 3035 id

189 3067 365 3120 punitur
394 3067 449 3115 R,
481 3066 610 3120 periit
640 3066 816 3120 punitur
843 3066 899 3116 F,
932 3066 1074 3120 perdit
1106 3067 1231 3120 punit
1259 3066 1318 3108 M
1419 3067 1468 3107 15
1500 3065 1789 3106 substantium
1820 3065 1883 3106 ed.
1914 3064 2005 3105 Mi-

184 3139 358 3191 9m'ana
390 3138 570 3190 (probat
599 3138 714 3191 Eny)
824 3137 1035 3179 lacunam
1065 3139 1266 3191 siynaui:
1294 3150 1380 3178 non
1412 3136 1697 3177 substantiam
1725 3137 1900 3188 <negat‚
1932 3135 2002 3176 sed

188 3221 317 3262 opera
340 3207 639 3259 substantiae>
659 3207 947 3260 supplendum
969 3212 1081 3260 puto
1115 3209 1186 3260 (cs.
1216 3210 1322 3260 608,
1348 3209 1412 3248 26
1427 3220 1513 3259 sqq.
1540 3211 1578 3246 et
1606 3209 1711 3257 623,
1734 3208 1804 3258 16)
1865 3205 1916 3245 16
1940 3217 2004 3246 re-

188 3291 319 3332 gnum
342 3278 398 3331 R,
429 3291 561 3332 regno
585 3277 687 3318 MF
771 3278 853 3326 dei,
879 3278 915 3318 si
938 3278 1071 3331 uulqo
1136 3278 1183 3319 18
1215 3277 1598 3331 pseudoapostolos
1622 3275 1731 3325 MF,
1764 3274 2003 3329 pseudapo-

187 3349 324 3390 stolos
355 3348 543 3401 Ruulyo
661 3349 713 3388 22
747 3351 916 3389 satanas
947 3349 1275 3401 transfiguratur
1305 3347 1371 3396 M,
1403 3348 1732 3400 transfiguratur
1762 3349 1931 3386 satanas
1961 3345 2005 3387 R
