2248 3646
216 289 320 337 404
589 283 776 335 Quinti
810 283 1038 338 Septimi
1069 283 1348 324 Florentis
1380 282 1711 324 Tertulliani

219 445 495 507 Christum,
551 444 648 495 nisi
705 460 820 494 eum
874 444 1024 510 longe
1072 443 1229 494 alium
1278 443 1752 494 demonstraueritis
1801 459 1829 493 a
1877 443 2078 495 Christo

218 534 476 591 creatoris,
534 548 626 582 nec
680 547 771 581 nos
830 547 945 581 eum
994 532 1234 581 creatoris
1282 530 1559 591 uindicare,
1614 531 1715 582 nisi
1759 532 1914 581 talem
1965 547 2078 581 eum

218 620 610 681 ostenderimus,
654 619 819 684 qualis
861 619 1192 669 constituitur
1225 635 1251 668 a
1284 620 1521 670 creatore.
1564 619 1622 670 de
1654 619 1947 669 nominibus
1978 619 2079 668 iam

218 708 548 759 obduximus:
590 707 718 756 mihi
756 706 962 757 uindico
1005 706 1285 766 Christum,
1328 707 1454 757 mihi
1493 706 1706 758 defendo
1745 708 1935 757 Iesum.

293 796 373 845 17.
406 795 680 860 Reliquum
716 793 943 844 ordinem
976 793 1085 844 eius
1121 809 1236 843 cum
1264 794 1532 859 scripturis
1559 794 1897 844 conferamus,
1937 793 2084 844 adest-
2133 811 2153 844 5

215 899 401 934 rursus
441 883 646 933 Esaias:
689 881 1209 943 adnuntiauimus‚
1248 882 1433 947 inquit,
1476 897 1670 932 coram
1711 882 1867 947 ipso:
1908 881 2081 931 uelut

216 970 544 1037 puerulus³
588 971 762 1020 uelut
801 969 967 1020 radix
1005 969 1061 1019 in
1102 972 1262 1025 terra
1303 969 1560 1031 sitienti,
1602 972 1659 1020 et
1689 985 1800 1020 non
1836 971 1928 1019 est
1960 985 2082 1035 spe-

218 1059 344 1109 cies
380 1058 509 1109 eius
543 1073 732 1123 neque
768 1058 980 1125 gloria,
1016 1060 1072 1107 et
1103 1057 1373 1107 uidimus
1408 1073 1554 1109 eum.
1591 1060 1648 1107 et
1678 1074 1790 1107 non
1819 1058 2082 1108 habebat

218 1147 488 1212 speciem
529 1161 720 1211 neque
763 1145 1055 1206 decorem7
1107 1145 1208 1195 sed
1249 1145 1486 1210 species
1530 1145 1658 1196 eius
1700 1145 2077 1196 inhonorata.

217 1234 520 1285 deficiens
571 1233 724 1283 citra
772 1248 975 1282 omnes
1024 1233 1313 1290 homines,
1363 1233 1497 1284 sicut
1538 1235 1588 1283 et
1628 1248 1782 1298 supra
1819 1233 1978 1297 patris
2020 1232 2082 1282 ad
2114 1252 2153 1282 ιο

213 1321 378 1371 filium
411 1337 531 1372 uox:
569 1320 1076 1386 quemadmodum
1119 1323 1527 1386 expauescent
1565 1321 1745 1370 multi
1786 1335 1966 1386 super
2005 1322 2078 1381 te,

216 1410 302 1460 sic
338 1410 466 1460 sine
502 1410 699 1476 gloria
733 1409 849 1459 erit
881 1409 949 1458 ab
982 1408 1328 1459 hominibus
1359 1409 1549 1459 forma
1574 1411 1691 1459 tua.
1720 1408 2079 1474 quodcumque

210 1498 341 1547 illud
405 1498 770 1562 corpusculum
845 1497 927 1557 sit,
1007 1512 1226 1562 quonam
1297 1497 1477 1548 habitu
1550 1500 1601 1547 et
1671 1513 1891 1562 quonam
1967 1513 2080 1547 con-

214 1588 394 1651 spectu
442 1586 575 1635 fuit?
626 1586 669 1635 si
716 1585 983 1652 inglorius,
1027 1586 1071 1635 si
1109 1585 1368 1651 ignobilis5
1411 1586 1455 1636 si
1500 1585 1887 1646 inhonorabilis,
1934 1600 2080 1636 meus

215 1675 310 1724 erit
366 1672 615 1724 Christus.
672 1673 791 1723 talis
849 1673 981 1723 enim
1035 1674 1213 1724 habitu
1270 1675 1320 1723 et
1373 1673 1618 1740 adspectu
1668 1673 2079 1723 adnuntiabatur.
2115 1690 2154 1721 15

213 1777 328 1811 nam
387 1761 484 1811 etsi
539 1761 956 1826 tempestiuus
1013 1761 1225 1812 decore
1282 1761 1417 1827 apud
1471 1762 1642 1812 Dauid
1697 1762 1848 1812 citra
1908 1761 2079 1811 filios

213 1850 538 1910 hominum,
582 1849 672 1900 sed
710 1849 758 1899 in
802 1849 1077 1915 allegorico
1118 1850 1206 1900 illo
1250 1852 1388 1900 statu
1430 1850 1622 1916 gratiae
1655 1849 1920 1914 spi1·italiS‚
1962 1864 2077 1899 cum

213 1937 498 2003 accingitur
547 1953 663 1988 ense
713 1937 979 1994 sermonis,
1030 1938 1116 2002 qui
1157 1954 1274 1988 uere
1315 1939 1511 2003 species
1552 1941 1602 1988 et
1642 1937 1791 1988 decor
1831 1940 1880 1988 et
1919 1938 2078 2004 gloria

211 2025 378 2090 ipsius
438 2027 531 2075 est.
590 2028 816 2075 ceterum
870 2025 920 2074 in
977 2026 1224 2091 corporali
1280 2026 1460 2076 habitu
1515 2026 1650 2091 apud
1704 2026 1920 2076 eundem
1967 2042 2078 2090 pro-

212 2113 420 2178 phetam
463 2113 692 2163 uermis
736 2112 889 2163 etiam
935 2115 992 2162 et
1031 2128 1142 2163 non
1190 2113 1381 2174 homo,
1430 2113 1765 2179 ignominia
1815 2113 2075 2164 hominis
2109 2132 2151 2162 ρο

214 2203 271 2251 et
318 2201 738 2251 nullificamen
787 2200 1016 2267 populi.
1073 2216 1234 2265 neque
1281 2201 1574 2251 interiorem
1623 2201 1927 2266 qualitatem
1967 2201 2077 2252 eius

214 2288 467 2339 eiusmodi
486 2288 732 2338 adnuntia
752 2294 884 2340 sunt.
906 2289 949 2339 si
978 2289 1109 2339 enim
1137 2289 1402 2355 plenitudo
1422 2289 1470 2339 in
1487 2289 1576 2339 illo
1596 2288 1809 2355 spiritus
1828 2289 2077 2349 constitit,

214 2392 432 2442 agnosco
473 2377 673 2443 uirgam
717 2377 776 2427 de
818 2377 985 2428 radice
1027 2377 1189 2428 Iesse:
1224 2378 1316 2428 fios
1358 2378 1466 2428 eius
1505 2393 1652 2428 meus
1695 2378 1789 2428 erit
1822 2378 2075 2437 Christus,

213 2465 262 2514 in
306 2480 404 2529 quo
445 2464 704 2529 requi-enit
744 2465 1028 2515 secundum
1069 2466 1277 2516 Esaiam·
1317 2466 1577 2532 spiritus
1627 2466 1968 2531 sapientiae
2021 2468 2077 2516 et

211 2552 603 2612 intellectus,
647 2552 910 2617 spiritus
953 2553 1204 2604 consilii
1238 2556 1296 2603 et
1328 2553 1578 2621 uigoriS‚
1623 2553 1882 2618 spiritus
1918 2554 2075 2621 agni-
2108 2569 2148 2601 25

211 2638 402 2690 tionis
445 2641 502 2689 et
541 2639 817 2703 pietatm,
861 2639 1121 2704 spiritus
1163 2640 1404 2691 timoris
1446 2641 1553 2692 dei.
1603 2657 1765 2706 neque
1807 2642 1941 2692 enim
1983 2641 2075 2691 ulli

356 2810 396 2865 6]
430 2810 503 2852 Es.
538 2811 605 2861 53,
639 2812 766 2853 2—3.
832 2812 902 2866 11]
936 2812 1006 2856 Es.
1042 2813 1111 2863 52,
1142 2813 1206 2854 14.
1273 2813 1438 2868 161PS.
1464 2814 1533 2863 44,
1559 2814 1597 2854 3.
1662 2813 1733 2868 17]
1763 2813 1815 2855 cf.
1841 2815 1912 2857 ΡΞ.
1937 2813 2006 2866 44,
2032 2814 2070 2854 4.

210 2883 278 2938 20]
313 2884 383 2925 Ps.
418 2885 485 2930 21,
521 2885 558 2925 7.
651 2885 723 2939 24]
756 2884 832 2926 Es.
867 2885 931 2932 11.
966 2885 1092 2928 2-3,
1178 2886 1392 2935 26-405,
1427 2887 1499 2942 24]
1533 2887 1584 2930 cf.
1621 2887 1719 2930 adu.
1753 2886 1938 2929 Iudaeos
1973 2900 2005 2927 c.
2032 2887 2070 2930 9.

270 2986 322 3027 10
354 2985 564 3026 homines.
599 2985 712 3027 sicut
736 2986 870 3040 uulgo
957 2987 1008 3028 12
1039 2987 1180 3029 uerba
1211 2987 1934 3042 quodcumque—adnuntiabatur,
1960 3002 2074 3043 quae

206 3059 257 3100 in
287 3058 388 3101 MR
418 3072 558 3112 supra
590 3064 694 3113 post
735 3073 831 3101 cum
871 3060 1097 3115 scripturis
1133 3063 1405 3103 conseramus
1439 3062 1657 3116 lequntur,
1690 3062 1775 3103 huc
1815 3062 2074 3115 transposui

211 3132 262 3173 13
296 3131 407 3173 illud
440 3132 742 3186 corpusculum
775 3134 833 3187 cf.
865 3147 1007 3187 supra
1033 3134 1059 3175 l.
1090 3137 1128 3186 6,
1160 3137 1201 3187 7,
1225 3137 1284 3176 10
1375 3148 1565 3188 quonam
1604 3135 1759 3177 habitu
1800 3138 1844 3176 et
1884 3148 2069 3189 quonam

210 3207 446 3259 conspectu
470 3205 652 3258 scripsi:
679 3207 883 3260 quoniam
907 3206 1109 3248 habitum
1136 3209 1180 3248 et
1205 3208 1407 3262 quoniam
1432 3212 1710 3261 conspectum
1727 3208 1828 3251 MR
1913 3209 1964 3250 14
1988 3207 2074 3249 fuit

207 3278 299 3321 scil.
335 3278 462 3320 Iesus
498 3278 702 3321 Christus
799 3279 896 3321 fuit.
929 3281 964 3321 si
997 3281 1132 3335 uulgo
1233 3281 1284 3322 16
1319 3282 1428 3323 citra
1459 3281 1558 3324 MR
1590 3283 1662 3336 (cf.
1698 3281 1804 3324 adu.
1837 3281 1942 3323 Iud.
1975 3284 2069 3331 14):

209 3364 339 3404 supra
371 3352 485 3392 Pam
610 3352 659 3394 18
695 3366 840 3394 ensem
865 3353 979 3395 Pam.
1102 3354 1154 3395 19
1187 3354 1231 3394 in
1266 3354 1480 3409 corporali
1512 3355 1667 3396 habitu
1698 3354 1882 3408 scripsi:
1916 3354 2071 3396 habitu

206 3424 518 3479 incorporabili
550 3425 648 3468 MR
768 3415 822 3466 22
856 3426 1070 3468 eiusmodi
1101 3412 1178 3475 Ra,
1212 3427 1457 3469 cuiusmodi
1487 3426 1604 3470 MR¹
1726 3428 1940 3469 adnuntia
1971 3430 2072 3468 sunt

206 3497 387 3550 scrip-si:
419 3498 652 3539 adnuntias
688 3501 758 3549 (esc
791 3498 1003 3540 adnuntia
1035 3505 1070 3552 s)
1105 3498 1237 3553 MR¹‚
1271 3499 1503 3542 adnunliat
1533 3500 1744 3555 Rssuulyo
