2248 3646
223 162 326 211 296
591 158 782 211 Quinti
817 157 1047 213 Septimi
1078 158 1358 200 Florentis
1392 157 1729 201 Tertulliani

221 319 320 370 duo
369 318 440 369 dii
488 318 821 370 conferuntur
875 321 933 368 ut
980 317 1079 369 duo
1138 315 1307 387 [reges
1356 321 1407 369 et
1454 316 1572 388 duo]
1635 334 1837 370 summa
1890 337 2090 388 magna,

219 407 272 457 in
312 407 532 457 alterum
574 405 822 456 concedat
851 420 1062 456 neeesse
1097 408 1176 456 est
1206 405 1329 456 unio
1372 406 1562 457 summi
1594 407 1770 474 magni
1804 424 1860 458 ex
1894 412 2093 459 senten—

218 495 292 544 tia
325 493 739 561 comparationis,
776 493 897 559 quia
929 509 1189 545 summum
1224 493 1442 545 uictoria
1476 510 1568 545 sua
1602 498 1817 558 constat,
1853 483 2090 562 superato

221 583 423 633 aemulo
471 581 571 632 alio
620 596 825 648 magno,
873 597 969 632 non
1018 584 1190 632 tamen
1239 598 1460 644 summo,
1511 584 1663 647 atque
1711 598 1767 633 ex
1809 582 2093 635 defectione

221 670 411 721 aemuli
443 669 778 721 solitudinem
812 669 1067 735 quandam
1102 669 1162 720 de
1198 669 1554 738 singularitate
1587 672 1930 736 praestantiae
1971 688 2093 723 suae
2147 691 2167 722 5

218 759 492 824 possidens
547 759 756 809 unicum
815 760 910 808 est.
965 758 1316 809 ineluetabilis
1379 758 1480 809 iste
1535 758 1831 825 complexus
1894 760 1943 810 in
1998 760 2095 811 hoo

219 846 523 898 sententiam
578 845 910 913 constringit:
960 849 1051 897 aut
1106 846 1398 913 negandum
1454 846 1606 897 deum
1662 863 1776 897 esse
1832 863 2091 898 summum

219 951 480 1002 magnum,
538 934 673 1001 quod
728 950 877 985 nemo
927 933 1155 1000 patietur
1209 934 1430 999 sapienS,
1489 936 1577 985 aut
1630 934 1761 985 nulli
1818 936 1904 986 alii
1961 951 2094 986 eom-

220 1023 603 1074 municandum.

292 1112 338 1162 5.
385 1112 491 1162 Aut
538 1126 667 1177 quae
715 1110 844 1161 ratio
894 1110 993 1161 duo
1051 1126 1253 1162 summa
1307 1126 1492 1177 magna
1546 1111 1873 1177 composuit}>
1928 1112 2092 1178 primo
2127 1129 2168 1160 10

219 1199 353 1250 enim
402 1199 618 1267 exigam,
675 1213 766 1248 cur
810 1214 909 1249 non
956 1198 1121 1264 plura,
1173 1198 1217 1249 si
1264 1197 1382 1262 duo,
1441 1199 1641 1264 quando
1698 1199 2093 1265 locupletiorem

219 1288 477 1353 oporteret
510 1286 646 1338 credi
680 1286 1024 1338 substantiam
1059 1285 1366 1346 diuinitatis,
1410 1286 1453 1336 si
1497 1289 1812 1353 competeret
1845 1287 1890 1337 ei
1921 1304 2096 1338 nume-

216 1391 322 1427 ruS.
378 1375 643 1427 honestior
683 1378 733 1426 et
778 1374 1042 1425 liberalior
1080 1374 1404 1437 Valentinus,
1456 1375 1541 1440 qui
1600 1375 1754 1426 simul
1805 1391 1962 1427 ausus
2020 1378 2099 1426 est

219 1464 348 1515 duos
391 1464 671 1529 conoipere,
712 1462 918 1529 Bython
962 1464 1013 1513 et
1045 1462 1218 1530 Sigen,
1260 1464 1373 1513 tum
1413 1479 1580 1529 usque
1623 1463 1686 1514 ad
1727 1463 1939 1531 triginta
1970 1463 2097 1514 Aeo-

216 1569 339 1602 num
403 1552 561 1613 fetus,
634 1554 899 1617 tamquam
963 1551 1185 1602 Aeneiae
1250 1551 1463 1613 scrofae,
1536 1567 1742 1603 examen
1807 1551 2095 1603 diuinitatis
2126 1569 2170 1602 15

216 1639 415 1692 effudit.
473 1655 831 1705 quaecumque
885 1639 1014 1689 ratio
1071 1639 1221 1704 plura
1276 1655 1478 1690 summa
1527 1656 1712 1707 magna
1758 1656 1857 1691 non
1904 1641 2099 1707 patitur

220 1727 441 1790 admitti,
486 1727 665 1779 eadem
705 1743 796 1779 neo
836 1727 955 1790 duo,
996 1730 1056 1777 ut
1087 1727 1188 1794 (et)
1227 1727 1341 1792 ipsa
1379 1728 1542 1793 plura.
1588 1725 1725 1797 [post
1764 1725 1940 1797 unum]
1981 1731 2099 1795 post

218 1832 376 1866 unum
441 1816 575 1867 enim
639 1832 902 1867 numerus
976 1831 1105 1881 quae
1168 1816 1340 1882 potuit
1403 1816 1501 1868 duo
1566 1817 1854 1878 admittere,
1919 1816 2095 1867 eadem

217 1904 389 1970 potuit
430 1909 480 1955 et
517 1905 681 1969 plura.
733 1907 784 1955 et
823 1903 922 1957 duo
974 1904 1105 1954 enim
1150 1903 1451 1966 multitudo,
1501 1905 1687 1956 unione
1733 1905 1837 1956 iam
1877 1920 2094 1955 excessa.

219 1992 438 2059 denique
479 1992 615 2058 apud
655 2007 746 2043 nos
787 1991 867 2043 uis
908 1992 1122 2043 rationis
1163 1992 1317 2043 istius
1351 1992 1464 2057 ipso
1505 1993 1723 2044 termino
1756 1993 1931 2058 plures
1973 1991 2094 2043 deos
2127 2009 2168 2040 20

218 2080 355 2132 credi
395 2097 493 2132 non
537 2081 679 2143 sinit,
723 2096 823 2146 quo
859 2096 950 2131 neo
991 2080 1122 2131 duos
1163 2080 1252 2130 illa
1291 2081 1472 2147 regula
1504 2097 1665 2131 unum
1699 2081 1851 2132 deum
1887 2080 2093 2142 sistenS,

219 2185 319 2234 qua
359 2168 512 2220 deum
550 2168 605 2220 id
645 2184 758 2220 esse
801 2170 1053 2235 oporteat,
1104 2168 1188 2219 oui
1234 2168 1363 2219 nihil
1412 2168 1745 2234 adaequetur,
1793 2172 1853 2219 ut
1892 2184 2093 2219 summo

218 2272 421 2324 magno,
479 2257 689 2308 unicum
745 2259 918 2307 autem
975 2256 1058 2318 sit,
1101 2257 1182 2308 oui
1232 2256 1360 2307 nihil
1415 2256 1745 2322 adaequetur.
1800 2257 1904 2307 iam
1959 2271 2092 2307 nunc

218 2346 316 2396 duo
361 2361 565 2396 summa
603 2360 806 2412 magna,
851 2344 949 2396 duo
992 2345 1148 2410 paria,
1201 2345 1283 2395 cui
1324 2360 1506 2411 operae
1545 2345 1727 2411 pretio,
1778 2345 1861 2396 eui
1903 2345 2094 2396 emolu-

216 2436 387 2485 mento
438 2433 843 2499 deputarentur?
901 2433 1025 2499 quid
1069 2432 1305 2484 interfuit
1351 2432 1566 2494 numeri,
1625 2449 1741 2484 oum
1799 2433 1898 2484 duo
1953 2433 2092 2498 paria
2122 2449 2166 2482 25

216 2537 314 2573 non
357 2520 594 2572 differant
631 2524 767 2572 uno‘?
808 2537 909 2572 una
948 2521 1081 2571 enim
1122 2536 1202 2572 res
1252 2524 1346 2581 est,
1397 2536 1527 2586 quae
1576 2521 1753 2572 eadem
1799 2521 1849 2571 in
1890 2520 2090 2574 duobus

218 2612 309 2661 est.
368 2609 573 2661 etiamsi
627 2610 775 2674 plura
823 2611 998 2660 essent
1036 2609 1192 2675 paria,
1234 2608 1536 2660 tantundem
1579 2610 1748 2660 omnia
1792 2609 2092 2675 <quant-um>

218 2713 377 2749 unum
424 2696 662 2758 fuissent,
710 2697 851 2748 nullo
899 2697 1033 2748 inter
1080 2713 1133 2748 se
1184 2696 1477 2758 differendo,
1528 2712 1626 2762 qua
1664 2697 1818 2762 paria.
1866 2712 2012 2762 porro
2048 2697 2090 2747 si

366 2799 437 2853 15]
473 2797 527 2843 of.
560 2797 691 2852 Verg.
723 2797 833 2840 Aen.
865 2797 973 2840 VIII
1003 2798 1058 2840 43
1093 2811 1187 2853 sqq.

276 2873 301 2914 2
321 2885 446 2927 reges
473 2874 517 2914 et
541 2871 625 2913 duo
650 2872 811 2914 seclusi
893 2872 918 2913 3
944 2871 1132 2914 uictoria
1147 2871 1215 2921 M,
1244 2885 1291 2914 ex
1316 2871 1563 2915 uictoriaR
1647 2873 1700 2915 13
1719 2872 1849 2914 simul
1865 2875 1937 2926 (z
1953 2872 2088 2914 simu-

218 2947 305 2999 lac)
336 2945 451 3000 MR,
478 2946 642 3000 (curn)
670 2946 806 2987 semel
835 2958 928 2987 van
953 2945 1030 2987 der
1062 2944 1179 2987 Vliet
1270 2945 1322 2987 14
1352 2944 1531 2999 Bython
1554 2944 1664 3000 Riy:
1695 2945 1885 3001 Bythum
1910 2945 2087 2994 MR³F‚

218 3019 430 3070 Bythium
460 3017 525 3062 R²
644 3019 792 3074 Sigen,
825 3021 919 3060 tum
951 3019 1135 3072 scripsi:
1172 3018 1407 3072 Sigeneum
1438 3017 1573 3073 MR1,
1607 3018 1741 3074 Sigen
1774 3033 1870 3061 cum
1893 3019 2089 3073 Ruulyo

221 3094 272 3136 15
312 3093 506 3136 Aeneiae
545 3093 658 3148 Riy:
696 3092 902 3134 aeoneiae
933 3091 1066 3147 MR1,
1109 3093 1289 3134 aeoniae
1321 3091 1385 3135 R3
1498 3093 1547 3135 17
1583 3095 1627 3135 et
1656 3093 1754 3149 ipsa
1782 3093 1960 3147 scripsi:
1995 3094 2090 3148 ipsa

218 3166 319 3210 MR
437 3169 538 3222 post
574 3181 707 3208 unum
746 3167 907 3209 seclusi
999 3168 1049 3208 19
1091 3168 1135 3208 et
1174 3165 1257 3208 duo
1296 3166 1472 3220 scripsi:
1509 3169 1611 3222 post
1658 3167 1742 3208 duo
1774 3166 1907 3221 MRss,
1940 3169 2089 3221 potest

220 3239 305 3282 duo
337 3238 401 3282 121
521 3253 696 3283 excessa
726 3239 784 3291 R,
818 3253 994 3282 excessu
1017 3239 1078 3281 M
1105 3242 1234 3291 (corr.
1267 3241 1393 3293 m.1)'
1472 3238 1530 3282 21
1567 3253 1650 3294 quo
1684 3239 1817 3282 Scal:
1849 3239 1966 3295 quod
1987 3239 2088 3282 MR

220 3314 274 3354 22
300 3315 350 3355 ut
375 3312 878 3368 summo—adaequetur
895 3326 977 3355 om.
995 3312 1051 3353 M
1068 3312 1192 3366 (add.
1217 3313 1268 3355 in
1290 3326 1371 3368 my.
1388 3326 1444 3355 m.
1463 3315 1510 3365 2)
1597 3313 1649 3355 27
1675 3315 1885 3368 quantum
1913 3311 2085 3366 addidi,

218 3387 296 3429 scd
323 3387 472 3429 ‘nescio
505 3401 567 3429 au
598 3387 755 3429 melius
784 3386 1046 3429 secludatur
1078 3400 1210 3428 unum
