<?xml version="1.0" encoding="UTF-8"?>
<!DOCTYPE html PUBLIC "-//W3C//DTD XHTML 1.0 Transitional//EN"
    "http://www.w3.org/TR/xhtml1/DTD/xhtml1-transitional.dtd">
<html xmlns="http://www.w3.org/1999/xhtml" xml:lang="en" lang="en">
 <head>
  <title>
</title>
<meta http-equiv="Content-Type" content="text/html;charset=utf-8" />
  <meta name='ocr-system' content='tesseract 3.04.00' />
  <meta name='ocr-capabilities' content='ocr_page ocr_carea ocr_par ocr_line ocrx_word'/>
</head>
<body>
  <div class='ocr_page' id='page_1' title='image "./quintiseptimiflo47tertuoft_0559.png"; bbox 0 0 2248 3646; ppageno 0'>
   <div class='ocr_carea' id='block_1_1' title="bbox 570 272 2038 325">
    <p class='ocr_par' dir='ltr' id='par_1_1' title="bbox 570 272 2038 325">
     <span class='ocr_line' id='line_1_1' title="bbox 570 272 2038 325; baseline -0.001 -10"><span class='ocrx_word' id='word_1_1' title='bbox 570 274 663 316; x_wconf 87' lang='lat' dir='ltr'><strong>VII.</strong></span> <span class='ocrx_word' id='word_1_2' title='bbox 696 275 959 316; x_wconf 88' lang='lat' dir='ltr'>Aduersus</span> <span class='ocrx_word' id='word_1_3' title='bbox 990 274 1306 315; x_wconf 81' lang='lat' dir='ltr'>Marcionem</span> <span class='ocrx_word' id='word_1_4' title='bbox 1336 273 1409 314; x_wconf 92' lang='lat' dir='ltr'>lib.</span> <span class='ocrx_word' id='word_1_5' title='bbox 1442 272 1529 313; x_wconf 81' lang='lat'>1111</span> <span class='ocrx_word' id='word_1_6' title='bbox 1561 273 1740 314; x_wconf 74' lang='grc'>28-29,</span> <span class='ocrx_word' id='word_1_7' title='bbox 1938 277 2038 325; x_wconf 78' lang='grc'>,519</span> 
     </span>
    </p>
   </div>
   <div class='ocr_carea' id='block_1_2' title="bbox 146 428 2039 2789">
    <p class='ocr_par' dir='ltr' id='par_1_2' title="bbox 146 428 2039 2789">
     <span class='ocr_line' id='line_1_2' title="bbox 232 428 2039 494; baseline -0.003 -11"><span class='ocrx_word' id='word_1_8' title='bbox 232 437 335 492; x_wconf 84' lang='lat' dir='ltr'>tuo,</span> <span class='ocrx_word' id='word_1_9' title='bbox 376 433 584 482; x_wconf 85' lang='lat' dir='ltr'>fratrum</span> <span class='ocrx_word' id='word_1_10' title='bbox 614 429 725 494; x_wconf 89' lang='lat' dir='ltr'>paci</span> <span class='ocrx_word' id='word_1_11' title='bbox 757 428 980 490; x_wconf 77' lang='lat' dir='ltr'>studenS,</span> <span class='ocrx_word' id='word_1_12' title='bbox 1011 428 1219 478; x_wconf 91' lang='lat' dir='ltr'>iniuriae</span> <span class='ocrx_word' id='word_1_13' title='bbox 1253 443 1529 480; x_wconf 70' lang='lat' dir='ltr'>occurrens</span> <span class='ocrx_word' id='word_1_14' title='bbox 1565 430 1668 479; x_wconf 85' lang='lat' dir='ltr'>‘sed</span> <span class='ocrx_word' id='word_1_15' title='bbox 1700 429 1828 478; x_wconf 89' lang='lat' dir='ltr'>enim</span> <span class='ocrx_word' id='word_1_16' title='bbox 1863 429 2039 494; x_wconf 88' lang='lat' dir='ltr'>optimi</span> 
     </span>
     <span class='ocr_line' id='line_1_3' title="bbox 234 512 2036 578; baseline -0.003 -10"><span class='ocrx_word' id='word_1_17' title='bbox 234 523 283 569; x_wconf 88' lang='lat' dir='ltr'>et</span> <span class='ocrx_word' id='word_1_18' title='bbox 320 533 415 568; x_wconf 91' lang='lat' dir='ltr'>non</span> <span class='ocrx_word' id='word_1_19' title='bbox 454 515 636 566; x_wconf 90' lang='lat' dir='ltr'>iudicis</span> <span class='ocrx_word' id='word_1_20' title='bbox 677 514 756 564; x_wconf 90' lang='lat' dir='ltr'>dei</span> <span class='ocrx_word' id='word_1_21' title='bbox 794 513 1045 564; x_wconf 85' lang='lat' dir='ltr'>Christus:</span> <span class='ocrx_word' id='word_1_22' title='bbox 1085 514 1218 578; x_wconf 89' lang='lat' dir='ltr'>quis</span> <span class='ocrx_word' id='word_1_23' title='bbox 1256 529 1357 573; x_wconf 88' lang='lat' dir='ltr'>me,</span> <span class='ocrx_word' id='word_1_24' title='bbox 1396 514 1575 577; x_wconf 82' lang='lat' dir='ltr'>inquit,</span> <span class='ocrx_word' id='word_1_25' title='bbox 1614 512 1873 564; x_wconf 86' lang='lat' dir='ltr'>iudicem</span> <span class='ocrx_word' id='word_1_26' title='bbox 1912 529 2036 564; x_wconf 91' lang='lat' dir='ltr'>con-</span> 
     </span>
     <span class='ocr_line' id='line_1_4' title="bbox 232 599 2037 665; baseline -0.003 -11"><span class='ocrx_word' id='word_1_27' title='bbox 232 603 441 654; x_wconf 84' lang='lat' dir='ltr'>stituit</span> <span class='ocrx_word' id='word_1_28' title='bbox 486 616 663 665; x_wconf 88' lang='lat' dir='ltr'>super</span> <span class='ocrx_word' id='word_1_29' title='bbox 709 602 869 649; x_wconf 76' lang='lat' dir='ltr'>uos&#39;?</span> <span class='ocrx_word' id='word_1_30' title='bbox 911 599 1058 648; x_wconf 90' lang='lat' dir='ltr'>aliam</span> <span class='ocrx_word' id='word_1_31' title='bbox 1097 614 1272 648; x_wconf 90' lang='lat' dir='ltr'>uocem</span> <span class='ocrx_word' id='word_1_32' title='bbox 1314 599 1646 649; x_wconf 74' lang='lat' dir='ltr'>excusationis</span> <span class='ocrx_word' id='word_1_33' title='bbox 1685 600 1905 649; x_wconf 87' lang='lat' dir='ltr'>inuenire</span> <span class='ocrx_word' id='word_1_34' title='bbox 1944 615 2037 648; x_wconf 89' lang='lat' dir='ltr'>non</span> 
     </span>
     <span class='ocr_line' id='line_1_5' title="bbox 229 684 2034 752; baseline -0.003 -14"><span class='ocrx_word' id='word_1_35' title='bbox 229 688 409 752; x_wconf 88' lang='lat' dir='ltr'>potuit,</span> <span class='ocrx_word' id='word_1_36' title='bbox 457 702 516 736; x_wconf 90' lang='lat' dir='ltr'>ne</span> <span class='ocrx_word' id='word_1_37' title='bbox 562 701 619 735; x_wconf 89' lang='lat' dir='ltr'>ea</span> <span class='ocrx_word' id='word_1_38' title='bbox 662 687 903 743; x_wconf 83' lang='lat' dir='ltr'>uteretur,</span> <span class='ocrx_word' id='word_1_39' title='bbox 958 698 1056 747; x_wconf 90' lang='lat' dir='ltr'>qua</span> <span class='ocrx_word' id='word_1_40' title='bbox 1105 684 1362 746; x_wconf 87' lang='lat' dir='ltr'>improbus</span> <span class='ocrx_word' id='word_1_41' title='bbox 1415 684 1492 732; x_wconf 85' lang='lat' dir='ltr'>uir</span> <span class='ocrx_word' id='word_1_42' title='bbox 1545 687 1594 732; x_wconf 88' lang='lat' dir='ltr'>et</span> <span class='ocrx_word' id='word_1_43' title='bbox 1644 684 1829 747; x_wconf 89' lang='lat' dir='ltr'>impius</span> <span class='ocrx_word' id='word_1_44' title='bbox 1884 684 2034 733; x_wconf 83' lang='lat' dir='ltr'>frater</span> 
     </span>
     <span class='ocr_line' id='line_1_6' title="bbox 180 754 2036 834; baseline -0.002 -12"><span class='ocrx_word' id='word_1_45' title='bbox 180 784 200 814; x_wconf 83' lang='lat'>⁵</span> <span class='ocrx_word' id='word_1_46' title='bbox 231 773 535 824; x_wconf 80' lang='lat' dir='ltr'><strong>adsertorem</strong></span> <span class='ocrx_word' id='word_1_47' title='bbox 572 768 838 834; x_wconf 73' lang='lat' dir='ltr'>probitatis</span> <span class='ocrx_word' id='word_1_48' title='bbox 878 754 1027 831; x_wconf 85' lang='lat' dir='ltr'>atque</span> <span class='ocrx_word' id='word_1_49' title='bbox 1065 768 1267 833; x_wconf 88' lang='lat' dir='ltr'>pietatis</span> <span class='ocrx_word' id='word_1_50' title='bbox 1308 771 1626 818; x_wconf 78' lang='lat' dir='ltr'>excusserat?</span> <span class='ocrx_word' id='word_1_51' title='bbox 1674 769 1883 832; x_wconf 87' lang='lat' dir='ltr'>denique</span> <span class='ocrx_word' id='word_1_52' title='bbox 1928 784 2036 832; x_wconf 85' lang='lat' dir='ltr'>pro-</span> 
     </span>
     <span class='ocr_line' id='line_1_7' title="bbox 227 853 2038 918; baseline -0.002 -11"><span class='ocrx_word' id='word_1_53' title='bbox 227 857 370 907; x_wconf 85' lang='lat' dir='ltr'>bauit</span> <span class='ocrx_word' id='word_1_54' title='bbox 415 857 597 918; x_wconf 80' lang='lat' dir='ltr'>malam</span> <span class='ocrx_word' id='word_1_55' title='bbox 635 869 812 905; x_wconf 89' lang='lat' dir='ltr'>uocem</span> <span class='ocrx_word' id='word_1_56' title='bbox 848 853 1033 903; x_wconf 86' lang='lat' dir='ltr'>utendo</span> <span class='ocrx_word' id='word_1_57' title='bbox 1086 868 1143 902; x_wconf 89' lang='lat' dir='ltr'>ea</span> <span class='ocrx_word' id='word_1_58' title='bbox 1188 857 1237 903; x_wconf 88' lang='lat' dir='ltr'>et</span> <span class='ocrx_word' id='word_1_59' title='bbox 1282 854 1470 903; x_wconf 89' lang='lat' dir='ltr'>malum</span> <span class='ocrx_word' id='word_1_60' title='bbox 1509 854 1696 903; x_wconf 88' lang='lat' dir='ltr'>factum</span> <span class='ocrx_word' id='word_1_61' title='bbox 1737 855 1872 918; x_wconf 89' lang='lat' dir='ltr'>pacis</span> <span class='ocrx_word' id='word_1_62' title='bbox 1910 854 2038 903; x_wconf 89' lang='lat' dir='ltr'>inter</span> 
     </span>
     <span class='ocr_line' id='line_1_8' title="bbox 227 927 2037 1005; baseline -0.002 -14"><span class='ocrx_word' id='word_1_63' title='bbox 227 943 404 991; x_wconf 83' lang='lat' dir='ltr'>fratres</span> <span class='ocrx_word' id='word_1_64' title='bbox 444 927 810 1005; x_wconf 69' lang='lat' dir='ltr'>componendae</span> <span class='ocrx_word' id='word_1_65' title='bbox 851 939 1194 988; x_wconf 74' lang='lat' dir='ltr'>declinatione.</span> <span class='ocrx_word' id='word_1_66' title='bbox 1235 943 1322 988; x_wconf 88' lang='lat' dir='ltr'>aut</span> <span class='ocrx_word' id='word_1_67' title='bbox 1359 938 1600 1002; x_wconf 86' lang='lat' dir='ltr'>numquid</span> <span class='ocrx_word' id='word_1_68' title='bbox 1631 939 1832 1003; x_wconf 82' lang='lat' dir='ltr'>indigne</span> <span class='ocrx_word' id='word_1_69' title='bbox 1863 939 2037 988; x_wconf 83' lang='lat' dir='ltr'>tulerit</span> 
     </span>
     <span class='ocr_line' id='line_1_9' title="bbox 227 1024 2034 1091; baseline -0.002 -15"><span class='ocrx_word' id='word_1_70' title='bbox 227 1027 320 1076; x_wconf 98' lang='grc'>1100</span> <span class='ocrx_word' id='word_1_71' title='bbox 352 1026 485 1076; x_wconf 91' lang='lat' dir='ltr'>dicto</span> <span class='ocrx_word' id='word_1_72' title='bbox 518 1026 749 1091; x_wconf 83' lang='lat' dir='ltr'>fugatum</span> <span class='ocrx_word' id='word_1_73' title='bbox 772 1024 979 1089; x_wconf 80' lang='lat' dir='ltr'>Moysen</span> <span class='ocrx_word' id='word_1_74' title='bbox 1010 1024 1220 1088; x_wconf 91' lang='lat' dir='ltr'>ideoque</span> <span class='ocrx_word' id='word_1_75' title='bbox 1251 1024 1299 1073; x_wconf 90' lang='lat' dir='ltr'>in</span> <span class='ocrx_word' id='word_1_76' title='bbox 1333 1039 1482 1074; x_wconf 88' lang='lat' dir='ltr'>causa</span> <span class='ocrx_word' id='word_1_77' title='bbox 1511 1024 1616 1088; x_wconf 87' lang='lat' dir='ltr'>pari</span> <span class='ocrx_word' id='word_1_78' title='bbox 1649 1024 2034 1087; x_wconf 71' lang='lat' dir='ltr'>disceptantium</span> 
     </span>
     <span class='ocr_line' id='line_1_10' title="bbox 226 1109 2034 1161; baseline -0.002 0"><span class='ocrx_word' id='word_1_79' title='bbox 226 1113 433 1161; x_wconf 75' lang='lat' dir='ltr'>fratrum</span> <span class='ocrx_word' id='word_1_80' title='bbox 465 1111 629 1161; x_wconf 88' lang='lat' dir='ltr'>uoluit</span> <span class='ocrx_word' id='word_1_81' title='bbox 658 1110 773 1159; x_wconf 90' lang='lat' dir='ltr'>illos</span> <span class='ocrx_word' id='word_1_82' title='bbox 806 1124 1024 1159; x_wconf 81' lang='lat' dir='ltr'>commer</span> <span class='ocrx_word' id='word_1_83' title='bbox 1055 1110 1273 1159; x_wconf 88' lang='lat' dir='ltr'>oratione</span> <span class='ocrx_word' id='word_1_84' title='bbox 1307 1109 1528 1159; x_wconf 89' lang='lat' dir='ltr'>eiusdem</span> <span class='ocrx_word' id='word_1_85' title='bbox 1563 1109 1683 1158; x_wconf 82' lang='lat' dir='ltr'>dicti</span> <span class='ocrx_word' id='word_1_86' title='bbox 1716 1109 2034 1158; x_wconf 77' lang='lat' dir='ltr'>confudisse?</span> 
     </span>
     <span class='ocr_line' id='line_1_11' title="bbox 156 1193 2031 1260; baseline -0.003 -14"><span class='ocrx_word' id='word_1_87' title='bbox 156 1211 192 1239; x_wconf 88' lang='lat'>10</span> <span class='ocrx_word' id='word_1_88' title='bbox 224 1198 367 1260; x_wconf 88' lang='lat' dir='ltr'>plane</span> <span class='ocrx_word' id='word_1_89' title='bbox 397 1197 468 1245; x_wconf 91' lang='lat' dir='ltr'>ita</span> <span class='ocrx_word' id='word_1_90' title='bbox 493 1196 573 1245; x_wconf 90' lang='lat' dir='ltr'>sit.</span> <span class='ocrx_word' id='word_1_91' title='bbox 605 1195 712 1258; x_wconf 90' lang='lat' dir='ltr'>ipse</span> <span class='ocrx_word' id='word_1_92' title='bbox 746 1194 1026 1244; x_wconf 87' lang='lat' dir='ltr'>enimtunc</span> <span class='ocrx_word' id='word_1_93' title='bbox 1056 1193 1218 1243; x_wconf 88' lang='lat' dir='ltr'>fuerat</span> <span class='ocrx_word' id='word_1_94' title='bbox 1240 1194 1288 1242; x_wconf 93' lang='lat' dir='ltr'>in</span> <span class='ocrx_word' id='word_1_95' title='bbox 1316 1193 1507 1258; x_wconf 80' lang='lat' dir='ltr'>Moyse,</span> <span class='ocrx_word' id='word_1_96' title='bbox 1536 1194 1620 1258; x_wconf 91' lang='lat' dir='ltr'>qui</span> <span class='ocrx_word' id='word_1_97' title='bbox 1644 1194 1764 1242; x_wconf 87' lang='lat' dir='ltr'>talia</span> <span class='ocrx_word' id='word_1_98' title='bbox 1789 1193 2031 1250; x_wconf 75' lang='lat' dir='ltr'>audierat,</span> 
     </span>
     <span class='ocr_line' id='line_1_12' title="bbox 224 1279 2033 1346; baseline -0.002 -15"><span class='ocrx_word' id='word_1_99' title='bbox 224 1283 429 1346; x_wconf 87' lang='lat' dir='ltr'>spiritus</span> <span class='ocrx_word' id='word_1_100' title='bbox 470 1282 664 1331; x_wconf 89' lang='lat' dir='ltr'>scilicet</span> <span class='ocrx_word' id='word_1_101' title='bbox 702 1279 951 1330; x_wconf 83' lang='lat' dir='ltr'>creatoris.</span> <span class='ocrx_word' id='word_1_102' title='bbox 1059 1279 1189 1328; x_wconf 89' lang='lat' dir='ltr'>Puto</span> <span class='ocrx_word' id='word_1_103' title='bbox 1221 1279 1319 1328; x_wconf 89' lang='lat' dir='ltr'>iam</span> <span class='ocrx_word' id='word_1_104' title='bbox 1352 1279 1469 1329; x_wconf 83' lang='lat' dir='ltr'>alibi</span> <span class='ocrx_word' id='word_1_105' title='bbox 1503 1279 1624 1329; x_wconf 78' lang='lat' dir='ltr'>satis</span> <span class='ocrx_word' id='word_1_106' title='bbox 1659 1279 2033 1328; x_wconf 75' lang='lat' dir='ltr'>commendasse</span> 
     </span>
     <span class='ocr_line' id='line_1_13' title="bbox 222 1363 2030 1430; baseline -0.003 -14"><span class='ocrx_word' id='word_1_107' title='bbox 222 1382 310 1417; x_wconf 86' lang='lat' dir='ltr'>nos</span> <span class='ocrx_word' id='word_1_108' title='bbox 358 1366 647 1416; x_wconf 85' lang='lat' dir='ltr'>diuitiarum</span> <span class='ocrx_word' id='word_1_109' title='bbox 687 1364 896 1430; x_wconf 80' lang='lat' dir='ltr'>gloriam</span> <span class='ocrx_word' id='word_1_110' title='bbox 936 1363 1154 1412; x_wconf 79' lang='lat' dir='ltr'>damnari</span> <span class='ocrx_word' id='word_1_111' title='bbox 1196 1379 1222 1413; x_wconf 91' lang='lat' dir='ltr'>a</span> <span class='ocrx_word' id='word_1_112' title='bbox 1262 1363 1352 1413; x_wconf 89' lang='lat' dir='ltr'>deo</span> <span class='ocrx_word' id='word_1_113' title='bbox 1391 1367 1575 1425; x_wconf 79' lang='lat' dir='ltr'>nostre,</span> <span class='ocrx_word' id='word_1_114' title='bbox 1621 1364 1758 1426; x_wconf 88' lang='lat' dir='ltr'>ipsos</span> <span class='ocrx_word' id='word_1_115' title='bbox 1799 1363 2030 1427; x_wconf 78' lang='lat' dir='ltr'>dynastas</span> 
     </span>
     <span class='ocr_line' id='line_1_14' title="bbox 223 1447 2029 1512; baseline -0.003 -11"><span class='ocrx_word' id='word_1_116' title='bbox 223 1452 510 1501; x_wconf 85' lang='lat' dir='ltr'>detrahente</span> <span class='ocrx_word' id='word_1_117' title='bbox 550 1451 608 1500; x_wconf 87' lang='lat' dir='ltr'>de</span> <span class='ocrx_word' id='word_1_118' title='bbox 648 1450 771 1500; x_wconf 85' lang='lat' dir='ltr'>solio</span> <span class='ocrx_word' id='word_1_119' title='bbox 813 1452 862 1499; x_wconf 91' lang='lat' dir='ltr'>et</span> <span class='ocrx_word' id='word_1_120' title='bbox 898 1464 1141 1512; x_wconf 83' lang='lat' dir='ltr'>pauperes</span> <span class='ocrx_word' id='word_1_121' title='bbox 1181 1448 1441 1498; x_wconf 85' lang='lat' dir='ltr'>adleuante</span> <span class='ocrx_word' id='word_1_122' title='bbox 1489 1449 1547 1498; x_wconf 89' lang='lat' dir='ltr'>de</span> <span class='ocrx_word' id='word_1_123' title='bbox 1594 1447 1923 1511; x_wconf 78' lang='lat' dir='ltr'>sterquilinio,</span> <span class='ocrx_word' id='word_1_124' title='bbox 1973 1449 2029 1496; x_wconf 87' lang='lat' dir='ltr'>ab</span> 
     </span>
     <span class='ocr_line' id='line_1_15' title="bbox 225 1533 2029 1601; baseline -0.003 -14"><span class='ocrx_word' id='word_1_125' title='bbox 225 1552 279 1586; x_wconf 91' lang='lat' dir='ltr'>eo</span> <span class='ocrx_word' id='word_1_126' title='bbox 327 1552 442 1601; x_wconf 81' lang='lat' dir='ltr'>ergo</span> <span class='ocrx_word' id='word_1_127' title='bbox 491 1536 584 1584; x_wconf 88' lang='lat' dir='ltr'>erit</span> <span class='ocrx_word' id='word_1_128' title='bbox 630 1537 678 1584; x_wconf 91' lang='lat' dir='ltr'>et</span> <span class='ocrx_word' id='word_1_129' title='bbox 723 1534 955 1599; x_wconf 82' lang='lat' dir='ltr'>parabola</span> <span class='ocrx_word' id='word_1_130' title='bbox 995 1534 1166 1583; x_wconf 88' lang='lat' dir='ltr'>diuitis</span> <span class='ocrx_word' id='word_1_131' title='bbox 1206 1533 1508 1583; x_wconf 85' lang='lat' dir='ltr'>blandientis</span> <span class='ocrx_word' id='word_1_132' title='bbox 1550 1533 1645 1583; x_wconf 80' lang='lat' dir='ltr'>sibi</span> <span class='ocrx_word' id='word_1_133' title='bbox 1685 1534 1743 1582; x_wconf 92' lang='lat' dir='ltr'>de</span> <span class='ocrx_word' id='word_1_134' title='bbox 1782 1537 2029 1597; x_wconf 85' lang='lat' dir='ltr'>prouentu</span> 
     </span>
     <span class='ocr_line' id='line_1_16' title="bbox 152 1618 2030 1686; baseline -0.003 -15"><span class='ocrx_word' id='word_1_135' title='bbox 152 1634 191 1665; x_wconf 84' lang='lat'>15</span> <span class='ocrx_word' id='word_1_136' title='bbox 224 1637 452 1686; x_wconf 83' lang='lat' dir='ltr'>agrorum</span> <span class='ocrx_word' id='word_1_137' title='bbox 487 1636 706 1680; x_wconf 84' lang='lat' dir='ltr'>suorum,</span> <span class='ocrx_word' id='word_1_138' title='bbox 741 1619 820 1669; x_wconf 90' lang='lat' dir='ltr'>cui</span> <span class='ocrx_word' id='word_1_139' title='bbox 853 1619 973 1668; x_wconf 86' lang='lat' dir='ltr'>deus</span> <span class='ocrx_word' id='word_1_140' title='bbox 1007 1618 1151 1668; x_wconf 88' lang='lat' dir='ltr'>dicit:</span> <span class='ocrx_word' id='word_1_141' title='bbox 1193 1619 1395 1677; x_wconf 89' lang='lat' dir='ltr'>stulte,</span> <span class='ocrx_word' id='word_1_142' title='bbox 1435 1618 1539 1668; x_wconf 88' lang='lat' dir='ltr'>hac</span> <span class='ocrx_word' id='word_1_143' title='bbox 1578 1621 1747 1668; x_wconf 90' lang='lat' dir='ltr'>nocte</span> <span class='ocrx_word' id='word_1_144' title='bbox 1781 1618 2030 1667; x_wconf 88' lang='lat' dir='ltr'>animam</span> 
     </span>
     <span class='ocr_line' id='line_1_17' title="bbox 220 1702 2028 1769; baseline -0.002 -14"><span class='ocrx_word' id='word_1_145' title='bbox 220 1712 382 1755; x_wconf 87' lang='lat' dir='ltr'>tuam</span> <span class='ocrx_word' id='word_1_146' title='bbox 421 1707 760 1769; x_wconf 86' lang='lat' dir='ltr'>reposcent;</span> <span class='ocrx_word' id='word_1_147' title='bbox 803 1719 949 1767; x_wconf 88' lang='lat' dir='ltr'>quae</span> <span class='ocrx_word' id='word_1_148' title='bbox 990 1707 1181 1753; x_wconf 90' lang='lat' dir='ltr'>autem</span> <span class='ocrx_word' id='word_1_149' title='bbox 1220 1703 1446 1767; x_wconf 85' lang='lat' dir='ltr'>parasti</span> <span class='ocrx_word' id='word_1_150' title='bbox 1494 1703 1663 1752; x_wconf 86' lang='lat' dir='ltr'>cuius</span> <span class='ocrx_word' id='word_1_151' title='bbox 1717 1705 1916 1752; x_wconf 74' lang='lat' dir='ltr'>erunt?</span> <span class='ocrx_word' id='word_1_152' title='bbox 1958 1702 2028 1751; x_wconf 90' lang='lat' dir='ltr'>sic</span> 
     </span>
     <span class='ocr_line' id='line_1_18' title="bbox 219 1787 2030 1855; baseline -0.003 -15"><span class='ocrx_word' id='word_1_153' title='bbox 219 1791 429 1855; x_wconf 88' lang='lat' dir='ltr'>denique</span> <span class='ocrx_word' id='word_1_154' title='bbox 458 1805 539 1839; x_wconf 85' lang='lat' dir='ltr'>rex</span> <span class='ocrx_word' id='word_1_155' title='bbox 570 1788 859 1853; x_wconf 82' lang='lat' dir='ltr'>&lt;Ezechias&gt;</span> <span class='ocrx_word' id='word_1_156' title='bbox 887 1788 945 1837; x_wconf 86' lang='lat' dir='ltr'>de</span> <span class='ocrx_word' id='word_1_157' title='bbox 971 1787 1105 1853; x_wconf 83' lang='lat' dir='ltr'>gazis</span> <span class='ocrx_word' id='word_1_158' title='bbox 1139 1791 1187 1837; x_wconf 90' lang='lat' dir='ltr'>et</span> <span class='ocrx_word' id='word_1_159' title='bbox 1219 1788 1474 1851; x_wconf 74' lang='lat' dir='ltr'>apothecis</span> <span class='ocrx_word' id='word_1_160' title='bbox 1508 1787 1795 1837; x_wconf 86' lang='lat' dir='ltr'>deliciarum</span> <span class='ocrx_word' id='word_1_161' title='bbox 1829 1802 2030 1837; x_wconf 86' lang='lat' dir='ltr'>suarum</span> 
     </span>
     <span class='ocr_line' id='line_1_19' title="bbox 217 1872 1618 1939; baseline -0.003 -14"><span class='ocrx_word' id='word_1_162' title='bbox 217 1876 348 1939; x_wconf 89' lang='lat' dir='ltr'>apud</span> <span class='ocrx_word' id='word_1_163' title='bbox 386 1875 563 1924; x_wconf 88' lang='lat' dir='ltr'>Persas</span> <span class='ocrx_word' id='word_1_164' title='bbox 603 1874 844 1939; x_wconf 81' lang='lat' dir='ltr'>gloriatus</span> <span class='ocrx_word' id='word_1_165' title='bbox 885 1889 970 1938; x_wconf 86' lang='lat' dir='ltr'>per</span> <span class='ocrx_word' id='word_1_166' title='bbox 1007 1872 1205 1923; x_wconf 86' lang='lat' dir='ltr'>Esaiam</span> <span class='ocrx_word' id='word_1_167' title='bbox 1245 1873 1374 1922; x_wconf 88' lang='lat' dir='ltr'>male</span> <span class='ocrx_word' id='word_1_168' title='bbox 1413 1873 1618 1922; x_wconf 87' lang='lat' dir='ltr'>audiuit.</span> 
     </span>
     <span class='ocr_line' id='line_1_20' title="bbox 291 1959 2028 2023; baseline -0.002 -13"><span class='ocrx_word' id='word_1_169' title='bbox 291 1961 374 2010; x_wconf 83' lang='lat'>29.</span> <span class='ocrx_word' id='word_1_170' title='bbox 415 1959 537 2022; x_wconf 84' lang='lat' dir='ltr'>Quis</span> <span class='ocrx_word' id='word_1_171' title='bbox 577 1960 734 2009; x_wconf 88' lang='lat' dir='ltr'>nollet</span> <span class='ocrx_word' id='word_1_172' title='bbox 773 1974 939 2008; x_wconf 85' lang='lat' dir='ltr'>curam</span> <span class='ocrx_word' id='word_1_173' title='bbox 971 1974 1059 2008; x_wconf 89' lang='lat' dir='ltr'>nos</span> <span class='ocrx_word' id='word_1_174' title='bbox 1092 1974 1235 2023; x_wconf 82' lang='lat' dir='ltr'>agere</span> <span class='ocrx_word' id='word_1_175' title='bbox 1268 1959 1459 2007; x_wconf 89' lang='lat' dir='ltr'>animae</span> <span class='ocrx_word' id='word_1_176' title='bbox 1494 1959 1551 2008; x_wconf 91' lang='lat' dir='ltr'>de</span> <span class='ocrx_word' id='word_1_177' title='bbox 1583 1959 1723 2007; x_wconf 87' lang='lat' dir='ltr'>uictu</span> <span class='ocrx_word' id='word_1_178' title='bbox 1757 1962 1804 2007; x_wconf 90' lang='lat' dir='ltr'>et</span> <span class='ocrx_word' id='word_1_179' title='bbox 1836 1959 2028 2022; x_wconf 78' lang='lat' dir='ltr'>corpori</span> 
     </span>
     <span class='ocr_line' id='line_1_21' title="bbox 146 2044 2024 2109; baseline -0.003 -13"><span class='ocrx_word' id='word_1_180' title='bbox 146 2062 186 2091; x_wconf 87' lang='lat'>20</span> <span class='ocrx_word' id='word_1_181' title='bbox 217 2047 275 2096; x_wconf 88' lang='lat' dir='ltr'>de</span> <span class='ocrx_word' id='word_1_182' title='bbox 314 2047 520 2104; x_wconf 77' lang='lat' dir='ltr'>uestitU,</span> <span class='ocrx_word' id='word_1_183' title='bbox 560 2046 657 2095; x_wconf 89' lang='lat' dir='ltr'>nisi</span> <span class='ocrx_word' id='word_1_184' title='bbox 698 2045 782 2109; x_wconf 88' lang='lat' dir='ltr'>qui</span> <span class='ocrx_word' id='word_1_185' title='bbox 819 2046 918 2094; x_wconf 87' lang='lat' dir='ltr'>ista</span> <span class='ocrx_word' id='word_1_186' title='bbox 956 2044 1145 2094; x_wconf 90' lang='lat' dir='ltr'>homini</span> <span class='ocrx_word' id='word_1_187' title='bbox 1183 2046 1294 2094; x_wconf 90' lang='lat' dir='ltr'>ante</span> <span class='ocrx_word' id='word_1_188' title='bbox 1326 2045 1578 2108; x_wconf 81' lang='lat' dir='ltr'>prospexit</span> <span class='ocrx_word' id='word_1_189' title='bbox 1610 2047 1659 2093; x_wconf 90' lang='lat' dir='ltr'>et</span> <span class='ocrx_word' id='word_1_190' title='bbox 1690 2044 1860 2094; x_wconf 77' lang='lat' dir='ltr'>exinde</span> <span class='ocrx_word' id='word_1_191' title='bbox 1891 2059 2024 2107; x_wconf 80' lang='lat' dir='ltr'>prae-</span> 
     </span>
     <span class='ocr_line' id='line_1_22' title="bbox 218 2128 2025 2192; baseline -0.003 -10"><span class='ocrx_word' id='word_1_192' title='bbox 218 2134 353 2182; x_wconf 89' lang='lat' dir='ltr'>stans</span> <span class='ocrx_word' id='word_1_193' title='bbox 379 2130 554 2180; x_wconf 88' lang='lat' dir='ltr'>merito</span> <span class='ocrx_word' id='word_1_194' title='bbox 589 2145 756 2180; x_wconf 89' lang='lat' dir='ltr'>curam</span> <span class='ocrx_word' id='word_1_195' title='bbox 790 2145 960 2180; x_wconf 90' lang='lat' dir='ltr'>eorum</span> <span class='ocrx_word' id='word_1_196' title='bbox 991 2132 1247 2192; x_wconf 89' lang='lat' dir='ltr'>tamquam</span> <span class='ocrx_word' id='word_1_197' title='bbox 1279 2129 1526 2178; x_wconf 84' lang='lat' dir='ltr'>aemulam</span> <span class='ocrx_word' id='word_1_198' title='bbox 1557 2128 1872 2178; x_wconf 87' lang='lat' dir='ltr'>liberalitatis</span> <span class='ocrx_word' id='word_1_199' title='bbox 1908 2143 2025 2178; x_wconf 78' lang='lat' dir='ltr'>suae</span> 
     </span>
     <span class='ocr_line' id='line_1_23' title="bbox 216 2212 2025 2280; baseline -0.001 -16"><span class='ocrx_word' id='word_1_200' title='bbox 216 2216 461 2280; x_wconf 85' lang='lat' dir='ltr'>prohibet,</span> <span class='ocrx_word' id='word_1_201' title='bbox 525 2214 609 2279; x_wconf 90' lang='lat' dir='ltr'>qui</span> <span class='ocrx_word' id='word_1_202' title='bbox 662 2217 711 2265; x_wconf 88' lang='lat' dir='ltr'>et</span> <span class='ocrx_word' id='word_1_203' title='bbox 765 2214 1095 2264; x_wconf 85' lang='lat' dir='ltr'>substantiam</span> <span class='ocrx_word' id='word_1_204' title='bbox 1147 2214 1308 2278; x_wconf 89' lang='lat' dir='ltr'>ipsius</span> <span class='ocrx_word' id='word_1_205' title='bbox 1371 2214 1563 2263; x_wconf 89' lang='lat' dir='ltr'>animae</span> <span class='ocrx_word' id='word_1_206' title='bbox 1626 2212 2025 2263; x_wconf 88' lang='lat' dir='ltr'>accommodauit</span> 
     </span>
     <span class='ocr_line' id='line_1_24' title="bbox 215 2298 2024 2365; baseline -0.003 -15"><span class='ocrx_word' id='word_1_207' title='bbox 215 2301 459 2365; x_wconf 86' lang='lat' dir='ltr'>potiorem</span> <span class='ocrx_word' id='word_1_208' title='bbox 498 2315 611 2350; x_wconf 87' lang='lat' dir='ltr'>esca</span> <span class='ocrx_word' id='word_1_209' title='bbox 649 2304 698 2350; x_wconf 91' lang='lat' dir='ltr'>et</span> <span class='ocrx_word' id='word_1_210' title='bbox 735 2299 991 2350; x_wconf 88' lang='lat' dir='ltr'>materiam</span> <span class='ocrx_word' id='word_1_211' title='bbox 1031 2299 1192 2362; x_wconf 88' lang='lat' dir='ltr'>ipsius</span> <span class='ocrx_word' id='word_1_212' title='bbox 1234 2299 1453 2364; x_wconf 85' lang='lat' dir='ltr'>corporis</span> <span class='ocrx_word' id='word_1_213' title='bbox 1499 2298 1737 2363; x_wconf 84' lang='lat' dir='ltr'>figurauit</span> <span class='ocrx_word' id='word_1_214' title='bbox 1777 2298 2024 2361; x_wconf 88' lang='lat' dir='ltr'>potiorem</span> 
     </span>
     <span class='ocr_line' id='line_1_25' title="bbox 213 2383 2022 2447; baseline -0.002 -12"><span class='ocrx_word' id='word_1_215' title='bbox 213 2386 398 2446; x_wconf 87' lang='lat' dir='ltr'>tunica,</span> <span class='ocrx_word' id='word_1_216' title='bbox 439 2385 581 2436; x_wconf 87' lang='lat' dir='ltr'>cuius</span> <span class='ocrx_word' id='word_1_217' title='bbox 623 2389 670 2435; x_wconf 92' lang='lat' dir='ltr'>et</span> <span class='ocrx_word' id='word_1_218' title='bbox 710 2385 847 2435; x_wconf 85' lang='lat' dir='ltr'>corui</span> <span class='ocrx_word' id='word_1_219' title='bbox 880 2400 974 2434; x_wconf 90' lang='lat' dir='ltr'>non</span> <span class='ocrx_word' id='word_1_220' title='bbox 1007 2387 1174 2435; x_wconf 86' lang='lat' dir='ltr'>serunt</span> <span class='ocrx_word' id='word_1_221' title='bbox 1205 2399 1294 2434; x_wconf 91' lang='lat' dir='ltr'>nec</span> <span class='ocrx_word' id='word_1_222' title='bbox 1326 2387 1523 2434; x_wconf 84' lang='lat' dir='ltr'>metunt</span> <span class='ocrx_word' id='word_1_223' title='bbox 1553 2385 1641 2433; x_wconf 90' lang='lat' dir='ltr'>nec</span> <span class='ocrx_word' id='word_1_224' title='bbox 1672 2384 1721 2432; x_wconf 90' lang='lat' dir='ltr'>in</span> <span class='ocrx_word' id='word_1_225' title='bbox 1755 2383 2022 2447; x_wconf 86' lang='lat' dir='ltr'>apothecas</span> 
     </span>
     <span class='ocr_line' id='line_1_26' title="bbox 146 2469 2024 2534; baseline -0.002 -14"><span class='ocrx_word' id='word_1_226' title='bbox 146 2487 185 2517; x_wconf 77' lang='lat'>25</span> <span class='ocrx_word' id='word_1_227' title='bbox 217 2471 436 2521; x_wconf 90' lang='lat' dir='ltr'>condunt</span> <span class='ocrx_word' id='word_1_228' title='bbox 490 2475 538 2520; x_wconf 89' lang='lat' dir='ltr'>et</span> <span class='ocrx_word' id='word_1_229' title='bbox 583 2475 749 2520; x_wconf 88' lang='lat' dir='ltr'>tamen</span> <span class='ocrx_word' id='word_1_230' title='bbox 795 2470 993 2519; x_wconf 88' lang='lat' dir='ltr'>aluntur</span> <span class='ocrx_word' id='word_1_231' title='bbox 1039 2470 1097 2519; x_wconf 89' lang='lat' dir='ltr'>ab</span> <span class='ocrx_word' id='word_1_232' title='bbox 1136 2470 1261 2534; x_wconf 87' lang='lat' dir='ltr'>ipsc,</span> <span class='ocrx_word' id='word_1_233' title='bbox 1320 2469 1462 2519; x_wconf 85' lang='lat' dir='ltr'>cuius</span> <span class='ocrx_word' id='word_1_234' title='bbox 1504 2471 1554 2519; x_wconf 93' lang='lat' dir='ltr'>et</span> <span class='ocrx_word' id='word_1_235' title='bbox 1590 2469 1697 2518; x_wconf 87' lang='lat' dir='ltr'>lilia</span> <span class='ocrx_word' id='word_1_236' title='bbox 1735 2472 1784 2518; x_wconf 94' lang='lat' dir='ltr'>et</span> <span class='ocrx_word' id='word_1_237' title='bbox 1820 2471 2024 2519; x_wconf 81' lang='lat' dir='ltr'>foenum</span> 
     </span>
     <span class='ocr_line' id='line_1_27' title="bbox 214 2554 2024 2619; baseline -0.002 -13"><span class='ocrx_word' id='word_1_238' title='bbox 214 2572 308 2606; x_wconf 89' lang='lat' dir='ltr'>non</span> <span class='ocrx_word' id='word_1_239' title='bbox 353 2559 526 2606; x_wconf 82' lang='lat' dir='ltr'>texunt</span> <span class='ocrx_word' id='word_1_240' title='bbox 571 2571 659 2605; x_wconf 91' lang='lat' dir='ltr'>nec</span> <span class='ocrx_word' id='word_1_241' title='bbox 705 2559 857 2605; x_wconf 90' lang='lat' dir='ltr'>neunt</span> <span class='ocrx_word' id='word_1_242' title='bbox 907 2558 956 2604; x_wconf 90' lang='lat' dir='ltr'>et</span> <span class='ocrx_word' id='word_1_243' title='bbox 992 2557 1156 2604; x_wconf 90' lang='lat' dir='ltr'>tamen</span> <span class='ocrx_word' id='word_1_244' title='bbox 1196 2554 1483 2604; x_wconf 89' lang='lat' dir='ltr'>uestiuntur</span> <span class='ocrx_word' id='word_1_245' title='bbox 1521 2555 1579 2604; x_wconf 87' lang='lat' dir='ltr'>ab</span> <span class='ocrx_word' id='word_1_246' title='bbox 1617 2556 1745 2619; x_wconf 86' lang='lat' dir='ltr'>ipso,</span> <span class='ocrx_word' id='word_1_247' title='bbox 1792 2555 1934 2604; x_wconf 89' lang='lat' dir='ltr'>cuius</span> <span class='ocrx_word' id='word_1_248' title='bbox 1975 2557 2024 2602; x_wconf 86' lang='lat' dir='ltr'>et</span> 
     </span>
     <span class='ocr_line' id='line_1_28' title="bbox 215 2639 2022 2706; baseline -0.001 -16"><span class='ocrx_word' id='word_1_249' title='bbox 215 2640 447 2692; x_wconf 82' lang='lat' dir='ltr'>Salomon</span> <span class='ocrx_word' id='word_1_250' title='bbox 472 2641 867 2706; x_wconf 83' lang='lat' dir='ltr'>gloriosissimus</span> <span class='ocrx_word' id='word_1_251' title='bbox 892 2655 981 2689; x_wconf 88' lang='lat' dir='ltr'>nec</span> <span class='ocrx_word' id='word_1_252' title='bbox 1009 2639 1107 2689; x_wconf 85' lang='lat' dir='ltr'>ullo</span> <span class='ocrx_word' id='word_1_253' title='bbox 1132 2643 1297 2689; x_wconf 88' lang='lat' dir='ltr'>tamen</span> <span class='ocrx_word' id='word_1_254' title='bbox 1323 2639 1528 2689; x_wconf 87' lang='lat' dir='ltr'>flosculo</span> <span class='ocrx_word' id='word_1_255' title='bbox 1556 2640 1769 2689; x_wconf 78' lang='lat' dir='ltr'>cultior?</span> <span class='ocrx_word' id='word_1_256' title='bbox 1803 2642 2022 2688; x_wconf 87' lang='lat' dir='ltr'>ceterum</span> 
     </span>
     <span class='ocr_line' id='line_1_29' title="bbox 214 2724 2023 2789; baseline -0.001 -15"><span class='ocrx_word' id='word_1_257' title='bbox 214 2726 337 2774; x_wconf 89' lang='lat' dir='ltr'>nihil</span> <span class='ocrx_word' id='word_1_258' title='bbox 359 2730 462 2775; x_wconf 90' lang='lat' dir='ltr'>tam</span> <span class='ocrx_word' id='word_1_259' title='bbox 488 2726 770 2789; x_wconf 85' lang='lat' dir='ltr'>abruptum,</span> <span class='ocrx_word' id='word_1_260' title='bbox 804 2740 950 2789; x_wconf 87' lang='lat' dir='ltr'>quam</span> <span class='ocrx_word' id='word_1_261' title='bbox 977 2728 1034 2773; x_wconf 84' lang='lat' dir='ltr'>ut</span> <span class='ocrx_word' id='word_1_262' title='bbox 1068 2725 1193 2775; x_wconf 86' lang='lat' dir='ltr'>alius</span> <span class='ocrx_word' id='word_1_263' title='bbox 1226 2729 1442 2789; x_wconf 83' lang='lat' dir='ltr'>praestet</span> <span class='ocrx_word' id='word_1_264' title='bbox 1474 2725 1602 2774; x_wconf 88' lang='lat' dir='ltr'>alius</span> <span class='ocrx_word' id='word_1_265' title='bbox 1631 2725 1688 2774; x_wconf 90' lang='lat' dir='ltr'>de</span> <span class='ocrx_word' id='word_1_266' title='bbox 1720 2724 2023 2788; x_wconf 81' lang='lat' dir='ltr'>praestantia</span> 
     </span>
    </p>
   </div>
   <div class='ocr_carea' id='block_1_3' title="bbox 213 2875 2018 3073">
    <p class='ocr_par' dir='ltr' id='par_1_3' title="bbox 213 2875 2018 3073">
     <span class='ocr_line' id='line_1_30' title="bbox 355 2875 2018 2931; baseline -0.001 -13"><span class='ocrx_word' id='word_1_267' title='bbox 355 2878 398 2931; x_wconf 90' lang='grc'>2]</span> <span class='ocrx_word' id='word_1_268' title='bbox 431 2877 532 2919; x_wconf 91' lang='lat' dir='ltr'>Luc.</span> <span class='ocrx_word' id='word_1_269' title='bbox 566 2878 631 2929; x_wconf 99' lang='lat'>12,</span> <span class='ocrx_word' id='word_1_270' title='bbox 666 2878 730 2918; x_wconf 83' lang='lat'>14.</span> <span class='ocrx_word' id='word_1_271' title='bbox 851 2877 918 2931; x_wconf 86' lang='lat'>11]</span> <span class='ocrx_word' id='word_1_272' title='bbox 954 2876 1003 2918; x_wconf 85' lang='lat' dir='ltr'>cf.</span> <span class='ocrx_word' id='word_1_273' title='bbox 1036 2877 1137 2919; x_wconf 90' lang='lat' dir='ltr'>Luc.</span> <span class='ocrx_word' id='word_1_274' title='bbox 1173 2877 1237 2926; x_wconf 88' lang='lat'>12,</span> <span class='ocrx_word' id='word_1_275' title='bbox 1273 2877 1449 2918; x_wconf 83' lang='grc'>15-21.</span> <span class='ocrx_word' id='word_1_276' title='bbox 1570 2876 1640 2930; x_wconf 92' lang='grc' dir='ltr'>12]Ι</span> <span class='ocrx_word' id='word_1_277' title='bbox 1672 2876 1723 2918; x_wconf 81' lang='lat' dir='ltr'>cf.</span> <span class='ocrx_word' id='word_1_278' title='bbox 1754 2875 1823 2918; x_wconf 73' lang='grc' dir='ltr'>ΡΒ.</span> <span class='ocrx_word' id='word_1_279' title='bbox 1856 2877 1950 2922; x_wconf 81' lang='grc'>112,</span> <span class='ocrx_word' id='word_1_280' title='bbox 1982 2877 2018 2917; x_wconf 89' lang='grc'>7.</span> 
     </span>
     <span class='ocr_line' id='line_1_31' title="bbox 217 2941 2016 3002; baseline -0.001 -14"><span class='ocrx_word' id='word_1_281' title='bbox 217 2949 284 3002; x_wconf 71' lang='grc'>15]</span> <span class='ocrx_word' id='word_1_282' title='bbox 316 2949 417 2990; x_wconf 91' lang='lat' dir='ltr'>Luc.</span> <span class='ocrx_word' id='word_1_283' title='bbox 452 2950 513 3002; x_wconf 87' lang='lat'>12,</span> <span class='ocrx_word' id='word_1_284' title='bbox 547 2949 612 2990; x_wconf 86' lang='grc'>20.</span> <span class='ocrx_word' id='word_1_285' title='bbox 733 2950 800 3002; x_wconf 92' lang='grc'>17]</span> <span class='ocrx_word' id='word_1_286' title='bbox 833 2949 883 2992; x_wconf 82' lang='lat' dir='ltr'>cf.</span> <span class='ocrx_word' id='word_1_287' title='bbox 917 2949 985 2989; x_wconf 89' lang='lat' dir='ltr'>Es.</span> <span class='ocrx_word' id='word_1_288' title='bbox 1018 2948 1084 2998; x_wconf 79' lang='lat'>39,</span> <span class='ocrx_word' id='word_1_289' title='bbox 1117 2949 1153 2989; x_wconf 92' lang='grc'>2.</span> <span class='ocrx_word' id='word_1_290' title='bbox 1189 2949 1309 2990; x_wconf 77' lang='grc'>5-7,</span> <span class='ocrx_word' id='word_1_291' title='bbox 1420 2949 1488 3002; x_wconf 88' lang='grc'>19]</span> <span class='ocrx_word' id='word_1_292' title='bbox 1524 2948 1575 2992; x_wconf 85' lang='lat' dir='ltr'>cf.</span> <span class='ocrx_word' id='word_1_293' title='bbox 1607 2949 1705 2989; x_wconf 88' lang='lat' dir='ltr'>Luc.</span> <span class='ocrx_word' id='word_1_294' title='bbox 1741 2949 1804 3001; x_wconf 90' lang='grc'>12,</span> <span class='ocrx_word' id='word_1_295' title='bbox 1838 2941 2016 2989; x_wconf 49' lang='grc'>22431.</span> 
     </span>
     <span class='ocr_line' id='line_1_32' title="bbox 213 3018 1849 3073; baseline 0 -14"><span class='ocrx_word' id='word_1_296' title='bbox 213 3019 283 3072; x_wconf 85' lang='grc'>22]</span> <span class='ocrx_word' id='word_1_297' title='bbox 319 3019 368 3060; x_wconf 82' lang='lat' dir='ltr'>cf.</span> <span class='ocrx_word' id='word_1_298' title='bbox 400 3020 499 3061; x_wconf 89' lang='lat' dir='ltr'>Luc.</span> <span class='ocrx_word' id='word_1_299' title='bbox 534 3020 599 3071; x_wconf 84' lang='lat'>12,</span> <span class='ocrx_word' id='word_1_300' title='bbox 631 3020 698 3061; x_wconf 83' lang='lat'>23.</span> <span class='ocrx_word' id='word_1_301' title='bbox 786 3019 855 3072; x_wconf 86' lang='grc'>24]</span> <span class='ocrx_word' id='word_1_302' title='bbox 890 3018 939 3061; x_wconf 83' lang='lat' dir='ltr'>cf.</span> <span class='ocrx_word' id='word_1_303' title='bbox 971 3019 1073 3060; x_wconf 85' lang='lat' dir='ltr'>Luc.</span> <span class='ocrx_word' id='word_1_304' title='bbox 1108 3020 1172 3072; x_wconf 90' lang='grc'>12,</span> <span class='ocrx_word' id='word_1_305' title='bbox 1206 3019 1273 3060; x_wconf 88' lang='grc'>24.</span> <span class='ocrx_word' id='word_1_306' title='bbox 1362 3018 1433 3073; x_wconf 81' lang='grc'>25]</span> <span class='ocrx_word' id='word_1_307' title='bbox 1467 3018 1517 3062; x_wconf 80' lang='lat' dir='ltr'>cf.</span> <span class='ocrx_word' id='word_1_308' title='bbox 1550 3019 1651 3061; x_wconf 87' lang='lat' dir='ltr'>Luc.</span> <span class='ocrx_word' id='word_1_309' title='bbox 1686 3019 1750 3068; x_wconf 87' lang='lat'>12,</span> <span class='ocrx_word' id='word_1_310' title='bbox 1783 3018 1849 3059; x_wconf 82' lang='lat'>27.</span> 
     </span>
    </p>
   </div>
   <div class='ocr_carea' id='block_1_4' title="bbox 209 3102 2018 3429">
    <p class='ocr_par' dir='ltr' id='par_1_4' title="bbox 209 3102 2018 3429">
     <span class='ocr_line' id='line_1_33' title="bbox 270 3102 2016 3158; baseline -0.001 -13"><span class='ocrx_word' id='word_1_311' title='bbox 270 3106 293 3145; x_wconf 83' lang='lat'>5</span> <span class='ocrx_word' id='word_1_312' title='bbox 326 3107 578 3145; x_wconf 83' lang='lat' dir='ltr'>excusserat.</span> <span class='ocrx_word' id='word_1_313' title='bbox 610 3103 791 3158; x_wconf 86' lang='lat' dir='ltr'>denique</span> <span class='ocrx_word' id='word_1_314' title='bbox 821 3104 952 3158; x_wconf 70' lang='lat' dir='ltr'>uulqo</span> <span class='ocrx_word' id='word_1_315' title='bbox 1070 3103 1252 3157; x_wconf 87' lang='lat' dir='ltr'>denique</span> <span class='ocrx_word' id='word_1_316' title='bbox 1285 3123 1336 3139; x_wconf 65' lang='grc' dir='ltr'><strong>Ξ</strong></span> <span class='ocrx_word' id='word_1_317' title='bbox 1366 3117 1471 3144; x_wconf 74' lang='lat' dir='ltr'>nam</span> <span class='ocrx_word' id='word_1_318' title='bbox 1573 3104 1594 3144; x_wconf 84' lang='lat'><strong>7</strong></span> <span class='ocrx_word' id='word_1_319' title='bbox 1629 3103 1914 3144; x_wconf 81' lang='lat' dir='ltr'>declinatione</span> <span class='ocrx_word' id='word_1_320' title='bbox 1944 3102 2016 3151; x_wconf 74' lang='lat' dir='ltr'>R3,</span> 
     </span>
     <span class='ocr_line' id='line_1_34' title="bbox 213 3173 2016 3234; baseline -0.002 -18"><span class='ocrx_word' id='word_1_321' title='bbox 213 3175 541 3217; x_wconf 84' lang='lat' dir='ltr'>declinationem</span> <span class='ocrx_word' id='word_1_322' title='bbox 565 3175 682 3218; x_wconf 79' lang='lat' dir='ltr'>MR1</span> <span class='ocrx_word' id='word_1_323' title='bbox 742 3176 793 3217; x_wconf 87' lang='lat'>10</span> <span class='ocrx_word' id='word_1_324' title='bbox 817 3176 889 3218; x_wconf 88' lang='lat' dir='ltr'>sit.</span> <span class='ocrx_word' id='word_1_325' title='bbox 916 3177 1005 3229; x_wconf 90' lang='lat' dir='ltr'>ipse</span> <span class='ocrx_word' id='word_1_326' title='bbox 1029 3175 1150 3229; x_wconf 69' lang='lat' dir='ltr'>Eny:</span> <span class='ocrx_word' id='word_1_327' title='bbox 1183 3177 1216 3216; x_wconf 87' lang='lat' dir='ltr'>si</span> <span class='ocrx_word' id='word_1_328' title='bbox 1240 3176 1331 3228; x_wconf 87' lang='lat' dir='ltr'>ipse</span> <span class='ocrx_word' id='word_1_329' title='bbox 1356 3174 1484 3234; x_wconf 50' lang='grc' dir='ltr'>ὖῌίξ</span> <span class='ocrx_word' id='word_1_330' title='bbox 1510 3175 1544 3215; x_wconf 88' lang='lat' dir='ltr'>si</span> <span class='ocrx_word' id='word_1_331' title='bbox 1569 3175 1727 3216; x_wconf 74' lang='lat' dir='ltr'>deleuit</span> <span class='ocrx_word' id='word_1_332' title='bbox 1750 3173 1811 3216; x_wconf 79' lang='lat' dir='ltr'>R³</span> <span class='ocrx_word' id='word_1_333' title='bbox 1871 3174 1921 3215; x_wconf 85' lang='lat'>13</span> <span class='ocrx_word' id='word_1_334' title='bbox 1947 3173 2016 3213; x_wconf 88' lang='lat' dir='ltr'>de-</span> 
     </span>
     <span class='ocr_line' id='line_1_35' title="bbox 209 3243 2018 3298; baseline -0.002 -12"><span class='ocrx_word' id='word_1_335' title='bbox 209 3246 694 3288; x_wconf 83' lang='lat' dir='ltr'>trahente—adleuante</span> <span class='ocrx_word' id='word_1_336' title='bbox 738 3246 793 3298; x_wconf 83' lang='lat' dir='ltr'>R,</span> <span class='ocrx_word' id='word_1_337' title='bbox 839 3245 1422 3287; x_wconf 81' lang='lat' dir='ltr'>detrahentes—adleuantes</span> <span class='ocrx_word' id='word_1_338' title='bbox 1466 3245 1568 3286; x_wconf 81' lang='lat' dir='ltr'>MF</span> <span class='ocrx_word' id='word_1_339' title='bbox 1705 3244 1926 3298; x_wconf 86' lang='lat' dir='ltr'>sterquilio</span> <span class='ocrx_word' id='word_1_340' title='bbox 1964 3243 2018 3283; x_wconf 90' lang='lat' dir='ltr'><em>M</em></span> 
     </span>
     <span class='ocr_line' id='line_1_36' title="bbox 214 3315 2015 3370; baseline -0.002 -12"><span class='ocrx_word' id='word_1_341' title='bbox 214 3318 262 3357; x_wconf 79' lang='lat'>17</span> <span class='ocrx_word' id='word_1_342' title='bbox 295 3317 495 3358; x_wconf 84' lang='lat' dir='ltr'>Ezechias</span> <span class='ocrx_word' id='word_1_343' title='bbox 529 3317 685 3358; x_wconf 57' lang='lat' dir='ltr'>addida·</span> <span class='ocrx_word' id='word_1_344' title='bbox 745 3319 795 3358; x_wconf 77' lang='lat'>19</span> <span class='ocrx_word' id='word_1_345' title='bbox 827 3318 945 3358; x_wconf 81' lang='lat' dir='ltr'>nolet</span> <span class='ocrx_word' id='word_1_346' title='bbox 965 3319 1073 3370; x_wconf 74' lang='lat' dir='ltr'>fort.</span> <span class='ocrx_word' id='word_1_347' title='bbox 1136 3318 1187 3358; x_wconf 89' lang='grc'>26</span> <span class='ocrx_word' id='word_1_348' title='bbox 1220 3320 1354 3358; x_wconf 86' lang='lat' dir='ltr'>neunt</span> <span class='ocrx_word' id='word_1_349' title='bbox 1376 3317 1434 3356; x_wconf 80' lang='lat' dir='ltr'><strong><em>M</em></strong></span> <span class='ocrx_word' id='word_1_350' title='bbox 1459 3320 1502 3368; x_wconf 63' lang='lat' dir='ltr'>(u</span> <span class='ocrx_word' id='word_1_351' title='bbox 1533 3322 1673 3369; x_wconf 63' lang='lat' dir='ltr'>eras),</span> <span class='ocrx_word' id='word_1_352' title='bbox 1704 3319 1807 3356; x_wconf 78' lang='lat' dir='ltr'>nent</span> <span class='ocrx_word' id='word_1_353' title='bbox 1828 3315 2015 3367; x_wconf 72' lang='lat' dir='ltr'>Ruulyo</span> 
     </span>
     <span class='ocr_line' id='line_1_37' title="bbox 212 3388 570 3429; baseline 0 -1"><span class='ocrx_word' id='word_1_354' title='bbox 212 3388 264 3428; x_wconf 90' lang='grc'>27</span> <span class='ocrx_word' id='word_1_355' title='bbox 297 3388 367 3429; x_wconf 90' lang='lat' dir='ltr'>nel</span> <span class='ocrx_word' id='word_1_356' title='bbox 397 3388 483 3428; x_wconf 91' lang='lat' dir='ltr'>ullo</span> <span class='ocrx_word' id='word_1_357' title='bbox 514 3388 570 3428; x_wconf 81' lang='lat' dir='ltr'><strong><em>M</em></strong></span> 
     </span>
    </p>
   </div>
  </div>
 </body>
</html>
