2248 3646
200 277 305 327 414
578 272 768 325 Quinti
801 271 1030 327 Septimi
1061 270 1338 313 Florentis
1370 270 1700 312 Tertulliani

202 436 253 484 et
291 432 685 500 proselytorum,
737 432 798 480 et
837 429 1189 481 concident
1225 428 1599 481 machaeras
1641 444 1791 480 suas
1829 431 1890 482 in
1931 448 2054 483 ara·

199 524 299 570 tra
347 525 407 570 et
455 519 713 568 zibinas
759 511 823 567 in
865 516 1090 577 falceS,
1137 516 1190 566 id
1230 517 1308 566 est
1347 515 1632 568 animorum
1671 516 1964 569 nocentium
2006 522 2056 571 et

195 608 488 674 linguarum
543 605 846 656 infestarum
904 607 955 655 et
1008 604 1174 655 omnis
1228 603 1455 654 malitiae
1509 605 1661 668 atque
1707 604 2054 670 blasphemiae

195 695 400 762 ingenia
424 694 722 748 conuertent
751 692 803 742 in
838 692 1008 743 studia
1039 691 1322 743 modestiae
1356 693 1406 741 et
1436 690 1595 756 paciS,
1638 694 1697 742 et
1736 709 1855 744 non
1895 695 2055 746 acci-

197 783 335 848 piet
366 797 522 849 gens
564 795 759 846 super
799 782 1053 846 gentem
1093 779 1514 840 machaeram,
1548 779 1726 845 utique
1759 779 2055 846 discordiae,
2106 797 2126 829 5

200 874 262 922 et
299 885 417 921 non
459 869 720 920 discent
759 868 1042 934 amplius
1082 867 1352 927 bellare,
1402 866 1455 917 id
1494 868 1573 917 est
1609 866 1908 919 inimicitias
1947 885 2054 935 per-

196 957 363 1019 ficere,
403 960 462 1007 ut
503 959 554 1008 et
590 956 672 1007 hic
714 955 882 1006 discas
924 954 1187 1006 Christum
1226 970 1322 1006 non
1353 943 1760 1020 bellipotentem,
1801 956 1891 1007 sed
1920 958 2056 1023 paci—

196 1046 362 1096 ferum
415 1044 798 1111 repromissum.
852 1043 975 1094 haec
1030 1044 1118 1093 aut
1169 1042 1475 1107 prophetata
1519 1058 1667 1109 nega.
1723 1058 1840 1095 cum
1887 1060 2054 1096 cora-m

197 1134 454 1194 uidentur,
509 1135 598 1183 aut
653 1131 943 1196 adimpleta,
1007 1146 1123 1180 cum
1178 1130 1435 1196 leguntur,
1500 1132 1589 1181 aut
1642 1132 1686 1182 si
1738 1148 1835 1183 non
1897 1149 2054 1200 negas

197 1224 489 1287 utrumque,
536 1221 586 1271 in
637 1235 692 1271 eo
742 1221 888 1269 erunt
934 1217 1228 1284 adimpleta,
1277 1218 1327 1268 in
1378 1233 1528 1283 quern
1576 1221 1697 1269 sunt
1735 1220 2052 1286 prophetata.
2086 1236 2126 1267 10

196 1310 391 1374 inspice
439 1309 572 1360 enim
620 1307 786 1358 adhuc
834 1307 986 1357 etiam
1033 1307 1205 1372 ipsum
1252 1306 1627 1372 introgressum
1675 1309 1827 1372 atque
1882 1308 2056 1359 decur-

197 1413 311 1447 sum
357 1395 643 1448 necationis
690 1395 741 1446 in
788 1394 1037 1454 nationeS,
1079 1409 1106 1444 a
1146 1393 1445 1445 nouissimis
1487 1393 1668 1444 diebus
1710 1394 1953 1447 adeuntes
1995 1397 2057 1447 ad

198 1485 349 1535 deum
398 1485 695 1544 creatorem,
748 1498 847 1533 non
883 1482 939 1532 in
980 1481 1286 1547 proselytOS,
1336 1496 1553 1545 quorum
1600 1498 1628 1532 a
1673 1482 1851 1549 primis
1891 1484 2055 1551 magis

196 1572 377 1623 diebus
426 1570 644 1622 adlectio
693 1572 784 1621 est.
836 1570 1024 1622 etenim
1069 1569 1223 1620 fidem
1269 1569 1423 1619 istam
1472 1569 1692 1635 apostoli
1737 1570 2055 1622 induxerunt.

269 1661 355 1711 22.
380 1659 552 1711 Habes
580 1661 630 1709 et
646 1658 1004 1724 vapostolorum
1031 1673 1160 1724 opus
1192 1656 1569 1723 praedicatum:
1606 1673 1789 1722 quam
1822 1660 2054 1726 tempe·
2089 1674 2129 1705 ιε,

198 1748 363 1799 stiui
409 1747 606 1814 pedes
655 1745 1267 1814 euangelizantium
1316 1760 1555 1811 pacem,
1605 1747 2055 1813 euangelizan-

195 1837 358 1888 tium
406 1837 588 1898 bona,
644 1851 741 1886 non
790 1835 986 1886 bellum
1033 1850 1125 1885 nec
1172 1835 1319 1884 mala.
1374 1834 1648 1900 respondet
1704 1837 1754 1886 et
1797 1837 2052 1900 psalmus:

194 1925 255 1975 in
305 1940 551 1977 omnem
600 1926 837 1974 terram
887 1923 1100 1978 exiuit
1140 1937 1343 1973 sonus
1388 1938 1602 1974 eorum
1645 1924 1706 1973 et
1742 1923 1803 1974 in
1843 1925 2056 1975 termi-

195 2029 308 2064 nos
355 2015 568 2063 terrae
616 2026 811 2062 uoces
861 2026 1093 2073 eorum,
1143 2009 1612 2062 circumferentium
1652 2010 1852 2063 scilicet
1887 2011 2056 2079 legem

197 2117 254 2152 ex
300 2099 418 2152 Sion
473 2099 754 2165 profectam
811 2101 861 2150 et
915 2115 1200 2150 sermonem
1256 2098 1450 2150 domini
1500 2114 1556 2150 ex
1600 2098 1943 2162 Hierusalem,
1997 2105 2057 2152 ut
2086 2113 2128 2143 20

195 2189 339 2240 fieret
378 2189 513 2254 quod
555 2188 800 2253 scriptum
846 2191 945 2238 est:
996 2188 1238 2253 quique
1285 2188 1479 2254 longe
1520 2203 1547 2238 a
1585 2187 1859 2239 iustitia
1904 2205 2054 2251 mea,

198 2277 908 2343 adpropinquauerunt
941 2276 1258 2326 iustitiae
1291 2291 1468 2326 meae
1508 2279 1567 2326 et
1606 2276 1898 2327 ueritati.
1940 2292 2056 2328 cum

197 2365 318 2416 huic
357 2365 563 2433 negotio
599 2364 985 2431 accingerentur
1017 2364 1259 2429 apostoli„
1293 2364 1715 2415 renuntiauerunt
1745 2364 2056 2431 presbyteris

198 2455 248 2503 et
280 2453 535 2504 archontis
578 2455 628 2503 et
667 2451 1017 2503 sacerdotibus
1058 2451 1381 2512 Iudaeorum,
1425 2466 1485 2501 an
1526 2454 1657 2502 non'?
1697 2451 1782 2502 uel
1821 2452 2054 2513 maxime,

195 2542 380 2606 inquit,
437 2545 495 2592 ut
539 2541 749 2592 alterius
779 2540 882 2609 ‘dei
928 2540 1321 2606 praedicatores.
1371 2538 1546 2604 atquin
1600 2539 1765 2605 ipsius
1807 2539 2051 2602 eiusdem,
2085 2552 2126 2583 2⁵

198 2629 343 2680 cuius
384 2630 689 2695 scripturam
724 2645 840 2680 cum
872 2628 1090 2679 maxime
1120 2628 1428 2694 implebant:
1465 2627 1805 2690 diuertite,
1847 2627 2055 2679 diuer-

198 2719 340 2780 tite,
381 2718 623 2769 inclamat
655 2717 848 2776 EsaiaS,
892 2717 1191 2767 excedite
1230 2715 1425 2766 illinc
1467 2718 1528 2766 et
1566 2715 1944 2766 inmundum
1983 2732 2055 2767 ne

345 2919 415 2974 15]
450 2918 520 2960 Es.
553 2919 622 2967 52,
656 2920 694 2961 7.
803 2919 873 2973 18]
908 2918 978 2960 Ps.
1016 2919 1081 2972 is,
1115 2920 1153 2961 5.
1260 2918 1332 2973 20]
1365 2918 1417 2961 cf.
1449 2919 1522 2961 Es.
1555 2920 1593 2973 2,
1627 2920 1665 2962 3.
1773 2919 1845 2974 21]
1879 2919 1953 2961 Es.
1985 2921 2056 2974 40,

200 2993 264 3036 12.
300 2993 365 3035 13.
458 2992 672 3045 26—415,
706 2993 748 3046 3]
785 2992 857 3033 Es.
891 2993 959 3044 52,
994 2992 1059 3034 11.

256 3123 281 3164 2
313 3121 480 3163 zibinas
511 3121 578 3171 M,
610 3120 772 3165 libinas
804 3121 880 3172 R¹‚
921 3123 1097 3177 sibynas
1128 3121 1192 3164 113³
1206 3123 1343 3177 uulyo
1463 3125 1490 3165 4
1531 3124 1612 3164 etsi
1643 3138 1729 3165 11011
1759 3122 1809 3164 F
1921 3124 1946 3166 8
1979 3128 2055 3166 aut

197 3194 311 3250 Riys
346 3186 422 3237 aut
453 3197 510 3248 (ψ
533 3201 662 3248 eras.)
696 3195 766 3248 M,
797 3197 945 3237 autem
977 3195 1020 3238 R
1113 3197 1163 3237 12
1197 3195 1323 3237 deum
1357 3194 1410 3237 ad
1442 3195 1490 3237 F
1577 3197 1629 3238 14
1661 3199 1728 3238 est
1758 3197 1932 3239 allectio
1965 3197 2055 3252 Ray

201 3269 251 3310 17
284 3270 401 3311 mala
429 3268 497 3322 M,
527 3269 691 3311 malum
722 3269 765 3312 R
883 3268 1118 3324 respondet
1146 3268 1328 3323 scripsi:
1362 3268 1590 3325 respondit
1618 3269 1719 3312 MR
1807 3269 1858 3311 21
1894 3270 2067 3329 quique„

195 3341 328 3396 longe
358 3342 540 3396 scrz'josi:
574 3342 704 3397 longe
738 3342 897 3398 quique
929 3342 1051 3392 MR·
1076 3347 1181 3396 post
1210 3356 1307 3384 mea
1336 3343 1563 3397 uiryulam
1585 3344 1723 3397 posui
1825 3343 1878 3385 23
1910 3342 2051 3385 aecin-

199 3417 375 3470 geretur
404 3415 463 3456 M
548 3416 602 3457 24
636 3416 858 3458 archontis
883 3416 994 3470 MF,
1028 3415 1309 3458 archontibus
1332 3415 1377 3458 R
1496 3415 1770 3459 Iudaeorum·
1795 3429 1848 3458 an
1870 3429 1957 3465 non
1982 3417 2049 3458 uel

196 3487 381 3530 maxime
412 3489 546 3543 uulyo
637 3489 692 3531 25
723 3488 1077 3544 praedicatores?
1110 3488 1261 3544 atquin
1293 3490 1428 3544 uulgo
