2248 3646
790 229 823 272 Ι.
856 228 929 270 De
961 229 1233 283 patientia
1264 229 1302 270 5.
1926 233 1955 281 9

141 386 415 437 defundens
470 384 528 434 de
581 400 670 434 suo
724 385 860 433 fonte
913 386 1079 434 uarias
1134 384 1398 434 criminum
1453 400 1622 434 uenas.
1686 386 1746 435 de
1798 386 1956 436 homi-

140 472 268 523 cidio
316 470 517 535 quidem
564 470 753 519 dictum
803 471 893 519 est.
949 469 1037 519 sed
1074 470 1146 519 ira
1185 468 1373 518 editum
1414 485 1441 519 a
1478 470 1765 533 primordi0‚
1806 471 1956 520 etiam

139 571 483 622 quascumque
527 554 850 619 postmodum
897 569 1075 604 causas
1122 554 1217 603 sibi
1261 554 1454 604 inuenit
1493 554 1552 604 ad
1591 555 1958 618 impatientiam

141 645 197 691 ut
248 641 309 690 ad
362 640 604 705 originem
658 639 736 688 sui
790 639 995 688 confert.
1052 639 1159 688 siue
1207 639 1336 688 enim
1379 640 1490 703 quis
1527 639 1810 690 inimicitiis
1850 640 1956 689 siue

91 746 111 775 5
140 726 350 791 praedae
398 725 559 791 gratia
600 723 654 773 id
700 723 864 774 scelus
914 724 1128 784 conficit,
1182 724 1321 788 prius
1368 726 1459 785 est,
1513 727 1572 773 ut
1610 727 1698 773 aut
1735 725 1835 774 odii
1874 727 1960 774 aut

141 810 379 861 auaritiae
425 809 511 858 fiat
554 809 837 873 impatiens,
893 809 1136 872 quidquid
1175 809 1448 873 compellit,
1503 809 1610 859 sine
1647 810 1960 874 impatientia

141 896 306 946 scelus
359 911 454 945 non
501 897 579 945 est
630 897 688 944 ut
732 894 902 958 perfici
947 894 1123 958 possit.
1178 894 1290 958 quis
1338 894 1640 944 adulterium
1695 895 1799 944 sine
1849 895 1958 944 libi-

141 983 268 1032 dinis
307 981 622 1047 impatientia
661 981 849 1031 subiit‘?
892 981 1024 1044 quod
1063 983 1113 1030 et
1153 981 1194 1030 si
1231 980 1391 1043 pretio
1430 980 1480 1029 in
1512 979 1712 1029 feminis
1745 980 1957 1045 cogitur,

140 1068 359 1118 uenditio
414 1067 501 1116 illa
552 1066 826 1130 pudicitiae
874 1066 1048 1130 utique
1093 1066 1410 1130 impatientia
1448 1066 1794 1114 contemnendi
1834 1066 1960 1115 lucri

75 1169 113 1199 10
143 1153 411 1203 ordinatur.
467 1152 589 1201 haec
641 1154 700 1201 ut
750 1152 1043 1216 principalia
1096 1167 1247 1215 penes
1294 1150 1550 1200 dominum
1598 1150 1793 1200 delicta.
1846 1167 1959 1200 nam

142 1242 198 1287 ut
237 1237 526 1302 compendio
567 1237 757 1286 dictum
797 1237 879 1297 sit,
921 1252 1063 1286 omne
1102 1238 1363 1301 peccatum
1401 1235 1744 1299 impatientiae
1777 1234 1960 1285 adscri-

141 1323 375 1373 bendum.
429 1324 618 1372 malum
663 1323 978 1387 impatientia
1017 1326 1094 1372 est
1143 1322 1274 1372 boni.
1326 1336 1470 1371 nemo
1523 1321 1810 1385 impudicus
1861 1337 1958 1370 non

142 1410 408 1474 impatiens
461 1408 731 1472 pudicitiae
785 1411 833 1458 et
885 1408 1143 1470 improbus
1196 1406 1461 1470 probitatis
1515 1408 1565 1456 et
1615 1406 1801 1470 impius
1860 1406 1961 1469 pie-

143 1495 262 1545 tatis
301 1498 350 1543 et
386 1493 638 1558 inquietus
680 1493 876 1557 quietis
929 1495 987 1541 ut
1031 1494 1194 1542 malus
1241 1492 1592 1555 unusquisque
1642 1491 1743 1550 fiat,
1799 1492 1960 1540 bonus

76 1595 115 1627 15
144 1595 460 1645 perseuerare
512 1595 608 1629 non
660 1579 856 1643 poterit.
909 1578 1027 1627 talis
1081 1578 1236 1643 igitur
1290 1579 1484 1626 excetra
1530 1576 1829 1625 delictorum
1875 1592 1961 1626 cur

146 1683 238 1716 non
280 1666 537 1716 dominum
577 1664 793 1715 offendat
830 1663 1216 1728 improbatorem
1257 1663 1539 1712 malorum?
1580 1678 1638 1711 an
1669 1677 1763 1711 non
1794 1662 1960 1725 ipsum

147 1770 340 1818 quoque
378 1753 568 1802 israhel
619 1766 705 1816 per
755 1748 1119 1813 impatientiam
1166 1763 1361 1811 semper
1404 1748 1452 1796 in
1499 1747 1647 1796 deum
1688 1747 1961 1810 deliquisse

147 1839 462 1889 manifestum
518 1840 610 1888 est.
665 1836 851 1896 exinde,
908 1850 1021 1884 cum
1075 1834 1263 1884 oblitus
1311 1833 1503 1883 brachii
1558 1832 1807 1893 caelestis,
1863 1847 1958 1896 quo

147 1924 406 1990 Aegyptiis
452 1921 873 1973 adflictationibus
924 1920 1088 1969 fuerat
1155 1921 1423 1978 extractuS‚
1492 1918 1551 1967 de
1610 1917 1773 1967 Aaron
1842 1918 1960 1966 deos

82 2024 122 2055 20
150 2010 245 2061 sibi
304 2010 453 2060 duces
513 2010 752 2074 postulat,
813 2022 928 2056 cum
987 2006 1036 2055 in
1096 2005 1288 2054 idolum
1347 2005 1454 2053 auri
1514 2003 1593 2053 sui
1654 2003 1960 2053 conlationes

151 2097 406 2147 defundit?
456 2098 558 2145 tam
605 2093 908 2144 necessarias
957 2092 1086 2141 enim
1125 2089 1321 2155 Moysei
1368 2105 1481 2139 cum
1521 2089 1719 2138 domino
1760 2103 1961 2154 congre-

153 2183 329 2233 dientis
379 2182 696 2246 impatienter
750 2180 1007 2242 exceperat
1059 2191 1239 2226 moras.
1294 2177 1411 2239 post
1453 2190 1661 2224 mannae
1701 2174 1962 2224 escatilem

151 2268 388 2333 plumam,
420 2269 534 2332 post
563 2268 730 2330 petrae
763 2263 1034 2327 aquatilem
1065 2261 1342 2325 sequellam
1369 2260 1636 2325 desperant
1660 2260 1718 2308 de
1745 2259 1960 2319 domino,

152 2354 302 2403 tridui
354 2353 491 2403 sitim
542 2367 637 2401 non
692 2348 997 2400 sustinendo.
1058 2362 1170 2397 nam
1224 2347 1345 2396 haec
1399 2361 1597 2410 quoque
1650 2345 1753 2394 illis
1806 2345 1960 2408 impa-

83 2449 123 2480 25
151 2440 325 2490 tientia
383 2455 410 2488 a
462 2438 657 2489 domino
714 2436 1049 2500 exprobratur.
1112 2449 1167 2483 ac
1226 2449 1286 2482 ne
1347 2433 1547 2498 singula
1605 2446 1959 2497 peruagemur:

290 2648 357 2703 19]
390 2647 441 2689 cf.
474 2645 604 2688 Exod.
637 2646 703 2694 32,
739 2646 859 2686 1—4.
1020 2644 1088 2697 22]
1123 2643 1172 2686 cf.
1207 2642 1336 2683 Exod.
1371 2642 1435 2691 16,
1470 2641 1533 2685 14.
1567 2640 1618 2681 cf.
1652 2640 1784 2681 Exod.
1821 2640 1884 2691 17,
1918 2640 1958 2679 6.

148 2721 219 2774 23]
253 2721 303 2761 cf.
334 2718 466 2760 Exod.
502 2718 566 2766 15,
598 2717 764 2758 22-25
800 2716 836 2766 (Ι
869 2715 962 2757 Cor.
997 2715 1061 2762 10,
1097 2715 1149 2769 4).

208 2861 225 2900 1
259 2860 487 2902 terminum
521 2858 566 2898 F
661 2857 684 2897 3
717 2871 741 2898 a
770 2855 1030 2910 inpatientia
1060 2854 1111 2895 N
1206 2854 1233 2894 4
1265 2852 1479 2894 conferret
1508 2852 1555 2893 F
1642 2853 1663 2891 7
1698 2851 1836 2891 scelus
1866 2850 1959 2891 Ew.

148 2933 328 2973 Bruhn:
362 2931 428 2971 sui
457 2927 649 2971 PMNF
759 2927 925 2982 perfici*
950 2925 1015 2975 Μ,
1050 2925 1214 2979 perficit
1243 2924 1289 2964 F
1400 2923 1593 2964 libidinis
1626 2936 1705 2964 om.
1730 2921 1780 2962 N
1834 2922 1858 2962 8
1892 2933 1960 2961 co-

149 3004 264 3058 gitur
293 3001 485 3043 uenditio
516 3000 592 3040 illa
620 2998 855 3053 pudicitiae
887 2998 1040 3050 uulyo:
1068 2996 1227 3038 rectius
1257 2994 1461 3036 distinxit
1483 2994 1585 3047 Eny
1667 2993 1718 3033 10
1748 3005 1827 3033 nec
1850 2993 1899 3032 ut
1921 2991 1967 3031 F

150 3075 200 3117 15
232 3076 398 3115 excetra
427 3072 572 3125 R1m9
604 3072 735 3124 Bmy:
767 3072 912 3125 exetra
941 3068 1005 3117 M,
1041 3068 1193 3109 exedra
1215 3067 1315 3116 ΡΝ,
1350 3070 1392 3107 et
1424 3065 1605 3107 ecclesia
1626 3064 1689 3115 F,·
1721 3064 1960 3104 excetra:

149 3146 302 3199 hydra,
333 3157 444 3198 quae
473 3156 634 3196 semper
662 3155 784 3183 ‘noua
815 3154 866 3182 ex
893 3154 937 3182 se
962 3141 1087 3193 parit
1117 3139 1278 3180 delicta
1308 3138 1440 3190 (Enq)
1555 3137 1605 3177 16
1636 3136 1775 3189 ipsum
1806 3147 1886 3176 om.
1917 3133 1966 3173 N

151 3218 201 3258 19
233 3216 334 3259 deos
365 3216 446 3256 sibi
472 3213 590 3267 MN,
622 3213 704 3254 sibi
736 3213 836 3254 deos
867 3211 984 3259 R³B‚
1019 3210 1120 3251 deos
1151 3223 1230 3251 om.
1262 3207 1363 3251 PR1
1458 3208 1512 3249 20
1544 3206 1672 3247 duces
1704 3219 1783 3246 om.
1815 3204 1873 3244 M
1898 3204 1958 3254 (in

149 3301 226 3340 my.
260 3286 363 3328 add.
393 3299 445 3327 m.
479 3286 517 3337 1)
660 3284 710 3325 21
751 3283 909 3337 moysei
950 3280 1167 3330 PMNR¹‚
1205 3280 1340 3333 moysi
1377 3278 1484 3320 FR³
1628 3275 1889 3330 egredientis
1920 3274 1966 3314 F

150 3359 206 3400 22
236 3372 374 3399 moras
405 3357 455 3409 P,
487 3369 566 3397 om.
598 3355 747 3397 MNF
830 3354 883 3395 23
915 3353 1130 3407 sequelam
1163 3352 1250 3393 ΡΝ
1336 3351 1389 3391 24
1420 3348 1549 3390 fridui
1581 3348 1626 3388 F
