2340 3658
64 2548 142 2591 Ad
162 2547 242 2591 Go-

44 2608 569 2674 lossensestestimonio
639 2625 933 2687 temporum
1005 2621 1367 2688 compendium
1435 2620 1616 2688 figere,
1685 2621 1905 2687 priorem
1975 2620 2142 2672 uindi-

251 181 356 230 642
630 175 821 228 Quinti
854 175 1085 229 Septimi
1115 174 1394 217 Florentis
1427 174 1764 218 Tertulliani

251 336 501 386 aduersus
558 333 977 386 munditenentes
1028 334 1248 385 luctatio
1306 334 1349 386 si
1397 334 1566 398 nobiS,
1623 351 1650 387 o
1701 336 1880 402 quanti
1917 338 2020 389 iam
2062 338 2132 388 dii

251 424 529 474 creatores!
566 438 655 473 cur
687 422 823 474 enim
855 438 954 474 non
989 424 1040 474 et
1071 423 1168 474 hoc
1193 421 1473 484 uindicem,
1506 438 1667 474 unum
1691 423 2131 476 munditenentem

249 511 501 562 nominari
534 510 795 574 debuisse,
838 511 882 562 si
917 514 1199 562 creatorem
1232 510 1572 578 significabat,
1615 511 1765 563 cuius
1798 516 1972 563 essent
2005 528 2130 577 quas

249 598 521 666 praemisit
572 598 897 665 potestates?
947 612 1116 664 por1·0,
1158 614 1274 649 cum
1332 614 1485 664 supra
1536 598 1745 663 quidem
1790 598 2001 650 induere
2040 614 2131 650 nos

249 685 429 737 iubeat
483 687 812 748 armaturam,
866 685 917 736 in
973 701 1074 751 qua
1120 687 1319 737 stemus
1369 684 1432 736 ad
1471 684 1879 738 machinationes
1921 686 2130 749 diaboli,

249 774 354 825 iarn
387 773 615 825 ostendit
654 773 846 825 diaboli
885 785 998 825 esse
1033 789 1163 840 quae
1197 772 1401 825 diabolo
1436 773 1724 842 subiungit,
1763 775 2051 840 potestates
2085 778 2136 825 et

252 861 670 913 munditenentes
709 862 1039 913 tenebrarum
1078 861 1314 925 istarum,
1357 877 1485 928 quae
1526 864 1578 912 et
1615 878 1707 913 nos
1741 861 1945 913 diabolo
1980 862 2134 929 depu-

251 953 442 1001 tamus,
499 952 590 1001 aut
644 949 689 1000 si
736 949 974 1002 diabolus
1024 951 1222 1001 creator
1271 952 1366 1013 est,
1425 949 1541 1016 quis
1585 950 1681 1001 erit
1721 950 1959 1002 diabolus
2000 950 2136 1017 apud

254 1040 571 1089 creatorem?
619 1054 682 1088 an
723 1037 859 1090 sicut
899 1037 998 1089 duo
1041 1037 1111 1088 dii
1157 1037 1231 1088 ita
1283 1040 1333 1089 et
1381 1036 1480 1089 duo
1523 1037 1730 1101 diaboli,
1780 1040 1829 1089 et
1869 1038 2138 1105 pluraliter

252 1127 541 1192 potestates
583 1127 634 1177 et
671 1125 1123 1177 munditenentes?
1165 1124 1256 1176 sed
1297 1123 1553 1191 quomodo
1589 1127 1787 1176 creator
1819 1128 1869 1176 et
1901 1125 2135 1176 diabolus

255 1216 306 1265 et
354 1212 483 1265 deus
529 1212 686 1275 idem,
744 1229 861 1264 cum
910 1213 1148 1265 diabolus
1195 1229 1295 1265 non
1333 1214 1473 1265 idem
1514 1215 1566 1265 et
1605 1214 1732 1265 deus
1773 1216 1825 1265 et
1864 1213 2136 1265 diabolus?

255 1304 346 1353 aut
386 1301 521 1353 enim
561 1302 710 1353 ambo
753 1305 804 1353 et
844 1301 942 1364 dei,
977 1301 1022 1354 si
1055 1302 1205 1354 ambo
1249 1301 1459 1364 diaboli,
1501 1304 1591 1352 aut
1623 1302 1710 1368 qui
1743 1302 1889 1364 deuS,
1923 1302 2008 1354 hic
2040 1318 2139 1353 non

256 1392 307 1440 et
338 1388 596 1453 diaboluS,
639 1389 776 1440 sicut
807 1405 901 1441 nec
935 1389 1174 1441 diabolus
1209 1389 1352 1441 deus
1393 1389 1568 1457 ipsum
1600 1390 1912 1441 uocabulum
1949 1389 2142 1441 diaboli

257 1493 463 1543 quaem,
521 1493 579 1528 ex
635 1493 735 1544 qua
790 1477 1025 1529 delatura
1079 1480 1339 1544 competat
1394 1477 1625 1529 creatori.
1682 1477 1904 1530 fortasse
1953 1477 2141 1529 detulit

256 1565 484 1631 aliquam
526 1564 608 1616 dei
649 1565 930 1630 superioris
972 1566 1330 1628 intentionem,
1383 1565 1520 1631 quod
1565 1565 1677 1631 ipse
1727 1566 1787 1617 ab
1836 1565 2138 1633 archangelo
2194 1587 2211 1615 5

256 1668 443 1719 passus
499 1656 596 1716 est,
654 1656 705 1704 et
760 1653 971 1720 quidem
1023 1653 1260 1705 mentito.
1318 1669 1416 1704 non
1462 1653 1577 1704 ideo
1629 1653 1763 1705 enim
1809 1653 2142 1705 interdixerat

255 1741 398 1792 illius
440 1741 747 1793 arbusculae
787 1745 1019 1809 gustum,
1059 1758 1120 1793 ne
1160 1742 1243 1793 dei
1281 1741 1476 1805 fierent,
1518 1741 1610 1794 sed
1647 1758 1709 1793 ne
1751 1741 1811 1793 de
1857 1744 2138 1809 transgres-

259 1828 400 1881 sione
433 1831 764 1881 morerentur.
803 1845 896 1880 nec
939 1829 1256 1895 spiritalia
1297 1831 1470 1880 autem
1508 1828 1826 1896 nequitiae
1858 1829 1973 1880 ideo
2008 1845 2140 1880 crea-

257 1920 423 1967 torem
465 1916 853 1985 significabunt,
894 1917 1016 1984 quia
1055 1917 1266 1968 adiecit:
1323 1917 1382 1968 in
1424 1916 1627 1969 caelis
1678 1917 1877 1968 sciebat
1917 1917 2051 1968 enim
2092 1920 2143 1968 et

260 2006 530 2071 apostolus
571 2006 622 2056 in
658 2006 813 2058 caelis
849 2007 1059 2072 operata
1091 2021 1205 2057 esse
1239 2005 1496 2070 spiritalia
1525 2005 1803 2072 nequitiae,
1845 2006 2143 2073 angelorum

261 2092 747 2157 scandalizatorum,
786 2094 838 2144 in
878 2093 1013 2146 filias
1054 2094 1341 2145 hominum.
1384 2095 1436 2144 et
1474 2094 1625 2158 quale
1658 2094 1769 2156 erit,
1802 2095 1859 2144 ut
1891 2092 2142 2161 ambigui-

259 2181 459 2232 tatibus
502 2183 553 2232 et
590 2198 681 2248 per
721 2181 1016 2250 aenigmata
1062 2182 1234 2233 nescio
1289 2196 1420 2248 quae
1468 2183 1749 2233 creatorem
1794 2183 1992 2233 taxaret
2037 2181 2142 2247 qui,

259 2269 311 2319 in
360 2270 559 2320 catenis
601 2270 704 2321 iam
745 2270 1066 2322 constitutus
1109 2266 1249 2340 [quo]
1294 2270 1355 2321 ob
1397 2268 1691 2322 libertatem
1730 2268 2142 2335 praedicationis,

264 2358 609 2409 constantiam
650 2358 1016 2411 manifestandi
1065 2358 1372 2410 sacramenti
1410 2358 1463 2409 in
1511 2357 1773 2424 apertione
1821 2357 1940 2420 oris,
1991 2374 2143 2424 quam

2169 1147 2211 1177 10

2172 2026 2214 2057 20

263 2445 363 2497 sibi
397 2447 722 2513 expostulare
763 2462 792 2497 a
832 2447 926 2498 deo
967 2446 1262 2508 mandabat,
1303 2445 1553 2498 ecclesiae
1594 2446 1774 2510 utique
1812 2445 2142 2511 praestabat?
2174 2466 2214 2497 25

338 2535 420 2587 19.
473 2534 623 2586 Soleo
685 2535 737 2585 in
786 2535 1194 2601 praescriptione
1258 2534 1510 2586 aduersus
1565 2535 1794 2585 haeresis
1850 2549 2025 2585 omnes
2081 2533 2141 2584 de

414 2724 455 2778 1]
485 2722 539 2766 cf.
565 2723 677 2779 Eph.
704 2723 743 2775 6,
771 2723 839 2766 12.
923 2723 966 2780 4]
995 2722 1048 2768 cf.
1073 2722 1188 2778 Eph.
1214 2723 1255 2777 6,
1284 2722 1349 2767 11.
1437 2723 1507 2778 17]
1537 2722 1589 2765 cf.
1616 2721 1725 2765 Gen.
1749 2722 1788 2776 3,
1815 2722 1852 2764 5.
1952 2721 2005 2766 cf.
2033 2721 2141 2767 Gen.

265 2796 305 2846 3,
339 2796 379 2837 3.
461 2795 531 2850 18]
566 2794 618 2837 cf.
654 2794 766 2850 Eph.
798 2795 838 2845 6,
875 2795 942 2837 12.
1020 2794 1092 2850 20]
1128 2794 1180 2837 cf.
1213 2794 1323 2838 Gen.
1358 2794 1397 2848 6,
1430 2795 1469 2836 4.
1548 2794 1618 2849 24]
1654 2793 1710 2836 cf.
1741 2793 1851 2849 Eph.
1884 2794 1924 2848 6,
1959 2795 2142 2839 19—20.

327 2884 346 2925 1
384 2882 445 2924 dii
475 2882 531 2938 R,
566 2882 611 2926 (11
642 2882 710 2937 M,
744 2883 815 2925 dei
846 2883 966 2925 Pam
1056 2884 1081 2926 9
1114 2882 1232 2925 siout
1261 2880 1442 2933 MR³G‚
1476 2882 1512 2924 si
1537 2880 1597 2924 12¹
1689 2881 1751 2923 dii
1781 2881 1893 2936 MR,
1927 2881 1998 2925 dei
2027 2882 2144 2926 Pam

269 2955 322 2999 12
356 2957 391 2999 si
425 2956 553 2999 ambo
586 2957 654 3009 M,
688 2957 725 2999 si
755 2957 844 3000 iam
874 2956 950 3011 R1‚
984 2957 1021 2999 si
1053 2957 1183 2999 ambo
1214 2956 1302 2999 iam
1334 2955 1396 2998 R³
1411 2956 1547 3012 uulgo
1687 2970 1773 2998 non
1808 2961 1853 2998 et
1879 2957 2064 3011 scripsi:
2100 2960 2144 2999 et

266 3044 355 3072 non
379 3030 478 3072 MR
561 3031 613 3073 14
639 3030 858 3074 delatura:
887 3030 1099 3073 diabolus
1122 3050 1176 3067 -=
1203 3030 1380 3073 delator
1454 3030 1507 3072 19
1533 3028 1848 3085 significabunt
1869 3029 1981 3085 MR,
2007 3031 2143 3085 signi—

267 3102 463 3146 ficabant
491 3103 611 3147 Pam
701 3103 752 3145 21
791 3103 874 3147 erit
903 3104 972 3158 M,
1006 3106 1102 3146 erat
1122 3103 1319 3158 Ruulyo
1410 3103 1463 3145 21
1498 3103 1908 3156 scandalizatorum,
1940 3104 1986 3146 in
2017 3103 2144 3160 Enys

268 3175 668 3219 scandalizatorum
699 3177 746 3218 in
774 3177 912 3232 uulgo
1017 3177 1072 3219 22
1106 3177 1291 3219 creatori
1323 3176 1385 3217 M
1483 3175 1539 3219 23
1573 3190 1656 3232 quo
1690 3175 1774 3221 del.
1805 3175 1868 3218 R³
1972 3178 2026 3219 25
2059 3177 2144 3218 sibi

268 3250 450 3303 scripsi.-
488 3250 552 3293 ibi
584 3250 684 3293 MR
817 3251 1086 3306 expostulari
1124 3251 1302 3293 mauult
1340 3250 1446 3306 Eny
1550 3251 1605 3293 26
1643 3250 1723 3293 AD
1764 3249 2143 3294 LAODICENOS

269 3322 544 3366 EXPLICIT
575 3324 637 3366 M
662 3325 729 3379 (in
760 3338 840 3379 my.
875 3324 981 3369 add.
1013 3339 1069 3369 m.
1101 3327 1151 3367 1.·
1181 3324 1237 3367 ad
1270 3323 1534 3376 colosenses)
1577 3323 1629 3366 de
1671 3324 1859 3380 epistola
1897 3323 1952 3366 ad
1993 3323 2143 3368 Colos-

269 3410 421 3439 senses
453 3397 546 3440 RF
659 3397 854 3441 haeresis
886 3397 953 3448 M,
989 3397 1192 3441 haereses
1223 3398 1267 3440 R
