2248 3646
211 205 278 257 38
587 200 778 253 Quinti
813 200 1046 256 Septimi
1078 173 1364 243 Florentis'
1389 199 1732 243 Tertulliani

209 363 457 430 reginam,
513 361 841 412 liberalitatis
907 376 1029 411 suae
1091 359 1350 420 heredem,
1420 360 1687 428 religionis
1751 375 1873 415 suae
1930 380 2092 415 sacer-

211 450 402 512 dotem,
453 448 740 500 testimonii
788 447 870 498 sui
908 447 1147 509 militem,
1193 446 1386 498 Christi
1428 449 1509 499 sui
1549 464 1794 512 sororem,
1841 450 1892 502 in
1933 454 2093 503 aeter-

209 554 330 588 num
374 536 628 588 destituat
665 535 949 586 interitum.
998 535 1192 585 bonum
1235 535 1389 586 deum
1437 536 1702 588 nouimus:
1753 538 1923 589 solum
1965 541 2092 605 opti-

210 642 352 675 mum
409 640 437 674 a
493 624 697 675 Christo
755 624 866 674 eius
917 622 1251 674 addiscimus.
1306 623 1411 689 qui,
1461 623 1792 676 dilectionem
1845 627 2092 678 mandans

209 715 330 778 post
362 728 507 762 suam
540 711 591 762 in
624 712 931 776 proximum,
980 711 1137 762 faciet
1178 713 1229 762 et
1266 710 1378 778 ipse
1421 712 1558 777 quod
1589 713 1867 780 praecepit.
1910 715 2094 782 diliget

211 815 414 851 carnem
454 802 535 850 tot
574 799 739 850 modis
783 799 883 851 sibi
922 800 1232 865 proximam:
1277 799 1376 850 etsi
1416 799 1691 863 infirmam,
1733 801 1825 852 sed
1871 802 2092 855 uirtus

210 888 271 938 in
298 887 708 938 infirmitate
741 886 1133 951 perficitur:
1162 887 1260 937 etsi
1284 872 1619 948 imbecillam,
1655 888 1745 939 sed
1769 889 2093 941 medicum

212 993 331 1027 non
374 975 772 1028 desiderant
807 975 938 1025 nisi
986 975 1152 1025 male
1200 975 1552 1027 habentes:
1604 976 1703 1027 etsi
1748 975 2092 1040 inhonestam,

212 1063 302 1115 sed
354 1063 951 1115 inhonestioribus
1008 1062 1320 1114 maiorem
1376 1063 1857 1115 circumdamus
1906 1065 2094 1117 hono-

211 1167 367 1202 rem:
403 1151 501 1202 etsi
533 1151 808 1218 perditam,
843 1151 933 1202 sed
975 1166 1108 1218 ego,
1142 1150 1329 1216 inquit,
1364 1151 1533 1213 ueni,
1575 1153 1646 1202 ut
1685 1152 1854 1218 quod
1892 1154 2097 1219 periit
2129 1172 2168 1203 ιο

213 1240 471 1291 saluum
513 1240 774 1290 faciam:
818 1239 917 1290 etsi
956 1239 1313 1306 peccatricem,
1356 1239 1445 1290 sed
1485 1240 1652 1291 malo
1693 1241 1870 1304 mihi,
1909 1242 2094 1307 inquit,

214 1328 505 1378 salutem
562 1326 946 1393 peccatoris
1010 1342 1200 1392 quam
1263 1330 1564 1378 mortem:
1630 1328 1728 1379 etsi
1784 1328 2094 1393 damnatam,

214 1416 300 1467 sed
344 1431 476 1482 eg0,
517 1415 704 1481 inquit,
747 1414 1118 1481 percutiam
1164 1418 1226 1466 et
1259 1415 1516 1466 sanabo,
1559 1415 1682 1482 quid
1724 1432 1782 1467 ea
1823 1418 2094 1483 exprobras

213 1504 367 1567 carni,
419 1519 547 1569 quae
595 1503 748 1554 deum
796 1505 1083 1570 expectant,
1133 1519 1262 1570 quae
1316 1503 1366 1553 in
1424 1503 1576 1555 deum
1632 1507 1876 1570 sperant?
1939 1506 2096 1557 hono-

211 1594 389 1642 rantur
429 1591 489 1642 ab
542 1591 634 1642 illo
684 1591 873 1657 quibus
923 1591 1184 1643 subuenit.
1231 1591 1399 1642 ausim
1449 1591 1644 1643 dicere:
1695 1592 1738 1643 si
1785 1593 1910 1644 haec
1959 1593 2096 1644 carni

210 1695 309 1731 non
357 1679 682 1740 accidissent,
724 1679 1018 1747 benignitas
1062 1680 1226 1747 gratia
1273 1680 1628 1731 misericordia
1668 1681 1833 1732 omnis
1881 1681 1965 1733 uis
2013 1681 2096 1732 dei

211 1768 440 1819 benefica
479 1767 758 1819 uacuisset.

290 1858 373 1909 10.
429 1855 592 1907 Tenes
648 1855 945 1922 scripturaS,
986 1854 1174 1920 quibus
1232 1870 1347 1906 caro
1401 1855 1715 1907 infuscatur:
1770 1858 1886 1907 tene
1941 1857 2096 1907 etiam

213 1943 401 2009 quibus
433 1943 764 2004 inlustratur;
797 1942 931 2009 legis
974 1958 1092 1993 cum
1134 1942 1335 2008 quando
1378 1942 1699 2010 deprimitur,
1735 1943 1885 2011 adige
1919 1944 2095 1995 oculos

215 2034 423 2084 etcum
466 2031 666 2097 quando
715 2031 993 2083 releuatur.
1052 2031 1259 2083 omnis
1317 2046 1463 2082 caro
1520 2031 1791 2083 foenum.
1845 2048 1943 2083 non
1998 2032 2095 2083 hoc

214 2121 384 2172 solum
438 2120 796 2186 pronuntiauit
847 2119 1047 2182 EsaiaS,
1104 2119 1194 2170 sed
1250 2122 1322 2171 et:
1382 2120 1587 2171 omnis
1637 2135 1783 2172 caro
1833 2120 2097 2172 uidebit

215 2209 510 2260 salutare
560 2208 677 2260 dei.
720 2210 929 2259 notatur
966 2207 1017 2257 in
1063 2206 1251 2259 Genesi
1292 2207 1467 2259 dicens
1517 2208 1669 2259 deus:
1724 2224 1843 2259 non
1891 2224 2094 2260 mane-

214 2296 314 2348 bit
369 2295 662 2362 spiritus
717 2311 895 2346 meus
953 2295 1012 2346 in
1068 2295 1452 2346 hominibus
1508 2295 1689 2360 istiS,
1747 2296 1900 2362 quia
1948 2312 2093 2348 caro

218 2388 387 2436 sunt.
432 2383 522 2435 sed
564 2386 616 2435 et
656 2383 864 2434 auditur
902 2399 994 2450 per
1032 2383 1288 2435 Iohelem:
1340 2383 1679 2435 effundam
1727 2383 1797 2436 de
1846 2385 2095 2450 spiritu

215 2487 353 2523 meo
409 2472 469 2522 in
525 2483 771 2523 omnem
828 2487 1101 2523 carnem.
1153 2473 1447 2537 apostolum
1501 2488 1706 2538 quoque
1762 2488 1822 2523 ne
1879 2471 1939 2523 de
1992 2488 2092 2524 uno

361 2657 405 2712 3]
442 2655 495 2699 cf.
527 2655 689 2698 Matth.
726 2657 791 2706 19,
830 2657 904 2711 173
938 2655 1040 2698 Luc.
1078 2656 1146 2706 18,
1185 2655 1252 2698 19.
1345 2657 1391 2711 4]
1428 2656 1480 2699 cf.
1514 2657 1675 2701 Matth.
1709 2658 1778 2708 22,
1813 2658 1880 2700 37.
1972 2658 2016 2713 6]
2050 2657 2094 2699 II

215 2728 312 2773 Gor.
349 2730 415 2782 12,
449 2729 488 2771 9.
627 2729 669 2784 7]
707 2730 810 2773 Luc.
845 2731 884 2779 5,
918 2728 987 2771 31.
1126 2730 1169 2784 9]
1204 2728 1225 2771 1
1259 2728 1356 2772 Cor,
1394 2730 1460 2781 12,
1494 2731 1563 2773 23.
1681 2730 1749 2785 10]
1784 2731 1886 2773 Luc.
1925 2730 1991 2782 19,
2027 2731 2093 2773 10.

218 2803 290 2857 11]
323 2803 396 2846 Ez.
435 2803 500 2856 18,
534 2802 603 2844 23.
713 2802 783 2857 13]
815 2802 948 2843 Dent.
982 2802 1054 2854 32,
1086 2802 1156 2845 39.
1264 2802 1334 2858 20]
1369 2802 1440 2844 Ε8.
1473 2803 1543 2854 40,
1579 2804 1618 2846 6.
1725 2804 1798 2859 22]
1835 2802 1944 2847 Gen.
1978 2805 2018 2857 6,
2052 2805 2092 2847 3.

215 2875 288 2931 24]
322 2875 417 2918 Ioel
449 2876 488 2927 3,
525 2876 560 2917 1.

275 2979 301 3020 3
334 2978 538 3020 nouimus
570 2978 726 3029 solum,
776 2978 992 3032 optimum
1030 2977 1121 3032 Ray
1154 2977 1249 3027 (sed
1284 2979 1479 3032 optimus
1510 2998 1564 3014 Ξ
1598 2979 1752 3028 bonus,
1785 2981 2006 3033 pessimus
2038 3000 2091 3015 z

216 3051 366 3094 malus
392 3052 570 3094 auctori
591 3052 801 3095 sollemne
825 3054 903 3105 est)
981 3051 1006 3093 5
1031 3050 1141 3093 facit
1164 3052 1278 3106 Bmy
1357 3053 1409 3094 14
1426 3053 1602 3107 siynum
1624 3052 1993 3108 interroyationis
2007 3065 2091 3107 po-

217 3127 290 3168 sui
406 3126 680 3168 honorantur
709 3125 866 3177 PMF,
896 3126 1078 3180 <quae>
1106 3125 1378 3167 honorantur
1414 3125 1497 3168 Get
1596 3126 1647 3168 15
1680 3126 1919 3168 subuenit‘?
1953 3127 2088 3169 ausim

217 3200 353 3254 uulyo
445 3200 497 3241 17
531 3202 765 3242 uacuasset
795 3198 855 3249 F,
893 3199 1146 3242 uacauisset
1175 3198 1291 3253 Rmy
1379 3200 1435 3241 20
1468 3213 1563 3241 cum
1605 3198 1777 3254 quando
1809 3198 1965 3250 PMF,
1998 3201 2092 3241 tum

221 3271 393 3328 quando
442 3271 574 3325 Pam,
617 3286 714 3315 cum
763 3285 862 3314 caro
909 3271 999 3327 Εἰς]
1117 3271 1338 3313 releuatur
1383 3271 1440 3323 R,
1489 3272 1713 3314 reuelatur
1749 3271 1897 3314 PMF
2010 3272 2092 3315 hoc

220 3359 301 3387 om.
332 3345 437 3398 Gel;
459 3346 606 3388 nescio
633 3359 695 3387 an
717 3345 1012 3388 inuertendus
1034 3345 1094 3387 sit
1116 3345 1352 3387 uerborum
1376 3345 1499 3397 ordo,
1531 3350 1583 3388 ut
1615 3346 1754 3388 omnis
1786 3359 1884 3388 caro
1915 3345 2092 3388 foenum

215 3423 318 3473 post
347 3418 503 3461 Esaias
536 3419 773 3462 collocetur
862 3419 917 3461 22
952 3419 1056 3461 deus
1089 3432 1171 3461 om.
1203 3418 1267 3461 13³

2131 1612 2169 1643 15

2126 2051 2168 2082 20

2126 2492 2168 2524 25
