2248 3646
229 153 331 203 568
591 147 784 200 Quinti
818 146 1048 203 Septimi
1079 147 1360 189 Florentis
1394 147 1726 190 Tertulliani

229 325 318 361 cur
364 309 542 360 adicit:
593 311 643 359 et
682 308 884 369 scitote,
934 307 1074 373 quia
1123 323 1231 375 ego
1283 323 1428 370 sum,
1479 324 1631 374 quem
1681 309 1880 360 scilicet
1919 324 2092 375 corpo-

227 412 371 448 reum
423 398 558 449 retro
614 397 895 447 nouerant?
952 397 1040 446 aut
1094 396 1136 446 si
1190 396 1495 461 phantasma
1549 399 1656 448 erat
1708 412 2091 463 usquequaque,

230 500 319 536 cur
364 484 482 536 illos
529 484 837 551 phantasma
884 482 1146 534 credentes
1193 483 1522 548 increpabat?
1570 485 1744 550 atquin
1800 485 1966 535 adhuc
2020 486 2092 535 eis

229 587 326 623 non
361 571 688 623 credentibus
722 573 990 637 propterea
1031 570 1200 622 cibum
1244 570 1573 633 desiderauit,
1613 574 1673 622 ut
1713 588 1765 623 se
1807 572 2097 624 ostenderet

231 660 382 711 etiam
425 659 602 710 dentes
643 659 844 711 habere.
2148 681 2167 711 5

300 747 658 813 Impleuimus,
726 749 786 797 ut
856 746 1048 811 opinor,
1114 746 1459 813 sponsionem.
1531 747 1855 798 exhibuimus
1920 747 2098 798 Iesum

229 834 493 887 Christum
531 834 900 900 prophetarum
941 833 1186 886 doctrinis
1227 834 1495 885 sententiis
1537 833 1825 886 adfectibus
1863 834 2096 886 sensibus

232 921 516 974 uirtutibus
570 921 901 988 passionibus
959 922 1113 972 etiam
1160 921 1534 973 resurrectione
1593 938 1692 972 non
1740 923 1900 973 alium
1948 938 2098 988 quam

231 1010 491 1069 creatoris,
549 1010 803 1077 siquidem
867 1012 919 1061 et
981 1009 1241 1076 apostolos
1304 1010 1516 1062 mittens
1580 1010 1644 1062 ad
1704 1010 2099 1077 praedicandum

228 1098 489 1150 uniuersis
535 1098 831 1150 nationibus
870 1097 922 1148 in
963 1113 1167 1149 omnem
1207 1100 1393 1148 terram
1435 1098 1567 1148 exire
1609 1115 1792 1150 sonum
1834 1114 2007 1150 eorum
2048 1102 2098 1149 et
2133 1120 2171 1150 ιο

228 1185 279 1237 111
304 1185 551 1238 terminos
575 1188 739 1237 terrae
772 1200 926 1237 uoces
961 1200 1137 1237 eorum
1171 1186 1429 1251 psaimum
1464 1185 1787 1252 adimplendo
1822 1186 2098 1252 praecepit.

228 1273 475 1327 misereor
513 1274 606 1339 tui,
655 1272 909 1335 Marcion;
951 1273 1143 1324 frustra
1179 1273 1442 1325 laborasti.
1501 1272 1737 1325 Christus
1780 1273 1913 1325 enim
1952 1274 2099 1326 Iesus

231 1361 281 1413 in
323 1361 590 1429 euangelio
630 1364 720 1413 tuo
761 1376 909 1413 meus
951 1363 1045 1413 est.

895 1533 1104 1577 LIBER
1138 1532 1448 1586 QVINTVS.

306 1641 350 1691 1.
389 1608 550 1689 Nihil
597 1639 706 1690 sine
747 1638 942 1706 origine
989 1638 1088 1691 nisi
1130 1638 1255 1690 deus
1298 1638 1456 1690 solus,
1508 1654 1636 1704 quae
1677 1642 1925 1704 quantum
1965 1654 2105 1705 prae-
2135 1654 2174 1685 15

234 1727 372 1779 cedit
416 1727 467 1778 in
517 1728 658 1778 statu
707 1726 936 1779 omnium
983 1742 1169 1789 rerum,
1219 1729 1420 1778 tantum
1460 1726 1733 1793 praecedat
1770 1742 1980 1778 necesse
2022 1728 2102 1777 est

232 1815 384 1866 etiam
425 1814 477 1865 in
515 1816 795 1865 retractatu
836 1827 1025 1876 earum,
1074 1816 1134 1865 ut
1180 1816 1411 1866 constare
1461 1813 1521 1865 de
1569 1816 1707 1865 statu
1755 1813 1935 1881 possit,
1982 1813 2102 1879 quia

231 1917 322 1953 nec
361 1901 551 1953 habeas
594 1901 844 1968 dispicere
885 1901 1009 1967 quid
1050 1902 1198 1968 quale
1240 1903 1320 1966 sit,
1367 1902 1468 1953 nisi
1515 1904 1686 1953 certus
1735 1918 1795 1952 an
1845 1901 1928 1963 sit,
1985 1917 2101 1952 cum

232 1990 535 2057 cognoueris
575 1989 709 2041 unde
751 1990 835 2041 sit.
877 1993 927 2041 et
966 1989 1078 2041 ideo
1121 2005 1177 2040 ex
1211 1990 1449 2056 opusculi
1482 1989 1657 2041 ordine
1690 1989 1752 2039 ad
1784 1989 1913 2039 hanc
1944 1991 2100 2039 mate-

230 2077 358 2128 riam
407 2077 686 2129 deuolutus
741 2078 963 2144 apostoli
1012 2093 1213 2143 quoque
1261 2077 1410 2128 Pauli
1459 2077 1706 2144 originem
1761 2093 1789 2127 a
1841 2076 2099 2128 Marcione
2130 2093 2171 2124 20

234 2165 486 2230 desidero,
535 2182 701 2217 nouus
752 2165 911 2232 aliqui
959 2164 1246 2232 discipulus
1297 2181 1389 2216 nec
1429 2166 1589 2216 uilius
1629 2165 1842 2217 alterius
1882 2163 2100 2226 auditor,

233 2254 321 2320 qui
361 2254 489 2305 nihil
527 2254 733 2306 interim
776 2254 977 2306 credam
1018 2255 1118 2305 nisi
1157 2254 1283 2305 1111111
1323 2257 1514 2305 temere
1548 2253 1870 2316 credendum,
1910 2256 2101 2304 temere

232 2356 381 2406 porro
415 2342 553 2394 credi
585 2342 947 2409 quodcumque
980 2342 1088 2394 sine
1117 2342 1327 2409 originis
1354 2340 1612 2409 agnitione
1638 2340 1886 2404 credetur,
1914 2340 2102 2407 quique

236 2427 538 2495 dignissime
572 2428 634 2480 ad
667 2428 1070 2481 sollicitudinem
1103 2429 1333 2496 redigam
1365 2428 1516 2479 istam
1548 2427 1954 2493 inquisitionem,
1986 2442 2103 2478 cum

234 2515 278 2569 is
317 2517 444 2567 mihi
485 2517 783 2569 adfirmatur
822 2516 1105 2584 apostolus,
1149 2532 1298 2582 quem
1337 2517 1388 2568 in
1430 2516 1544 2568 albo
1585 2515 1936 2582 apostolorum
1969 2514 2105 2581 apud
2133 2533 2174 2566 25

238 2605 565 2672 euangelium
620 2621 719 2657 non
774 2605 1109 2671 deprehende
1158 2604 1376 2669 denique
1426 2604 1637 2655 audiens
1684 2605 1866 2669 postea
1912 2619 2026 2654 eum
2076 2619 2104 2654 a

237 2692 440 2744 domino
483 2693 742 2745 adlectum
781 2693 884 2744 iam
922 2691 1169 2744 incaelis
1212 2692 1527 2758 quiescente,
1572 2691 1720 2758 quasi
1758 2690 2101 2758 improuiden-

236 2781 363 2832 tiam
389 2781 642 2845 existimo,
676 2781 720 2833 si
745 2798 844 2833 non
869 2783 985 2832 ante
1019 2780 1139 2833 sciit
1168 2779 1316 2831 illum
1350 2779 1448 2831 sibi
1474 2779 1819 2831 necessarium
1849 2778 2101 2841 ChristuS,

239 2868 329 2920 sed
367 2868 470 2920 iam
512 2869 744 2921 ordinato
785 2868 953 2921 officio
995 2868 1317 2935 apostolatus
1359 2870 1411 2919 et
1447 2868 1498 2918 in
1547 2883 1641 2919 sua
1690 2882 1843 2933 opera
1889 2866 2101 2918 dimisso

385 2985 427 3041 1]
463 2984 515 3028 cf.
547 2985 654 3029 Luc.
686 2985 755 3040 24,
789 2986 857 3029 39.
947 2985 992 3041 4]
1029 2983 1080 3027 cf.
1115 2983 1218 3028 Luc.
1253 2984 1321 3034 24,
1355 2983 1542 3026 41—43.
1627 2982 1668 3039 9]
1706 2980 1758 3027 cf.
1792 2981 1896 3025 Luc.
1929 2981 1998 3031 24,
2031 2981 2100 3023 47.

241 3058 313 3114 10]
346 3057 398 3101 cf.
430 3058 503 3103 Ps.
538 3059 607 3114 18,
640 3060 679 3103 5.
772 3059 845 3114 26]
881 3056 935 3101 cf.
967 3058 1063 3100 Act.
1098 3059 1136 3106 9,
1173 3058 1298 3100 1—9.

299 3145 351 3187 13
390 3143 694 3189 ADVERSVS
734 3135 1049 3189 MARCIONE
1083 3134 1180 3187 m}
1224 3143 1491 3197 QVARTvs
1537 3141 1833 3194 EXPLICIT;
1880 3140 2102 3185 INCIPIT

238 3209 342 3262 Lu}
369 3218 623 3272 QVINTVS
655 3219 714 3262 Μ
800 3220 855 3263 20
887 3220 1015 3263 Pauli
1047 3232 1130 3263 om,
1161 3219 1237 3270 13¹,
1263 3218 1484 3273 praebent
1505 3216 1628 3260 MR³
1717 3216 1770 3260 23
1805 3215 2006 3258 credetur
2035 3214 2102 3268 M,

239 3291 432 3344 creditur
460 3293 654 3349 Ruulqo
745 3293 801 3336 24
833 3292 1089 3349 dignissime
1122 3311 1175 3328 =
1207 3304 1375 3334 summo
1407 3291 1506 3333 iure
1595 3291 1649 3332 27
1684 3290 1936 3345 quiescente
1968 3286 2103 3340 MR³,

240 3366 536 3420 quiescentem
566 3364 631 3410 R²
720 3366 775 3410 28
808 3366 910 3410 sciit
939 3365 1116 3421 scripsi:
1151 3365 1235 3408 scit
1265 3362 1398 3418 MR1,
1432 3364 1564 3407 sciuit
1596 3362 1660 3406 R³
2054 3353 2060 3360 ”
