2248 3646
889 241 1234 283 Praefatio.
1846 245 1965 295 XXI

160 399 226 449 sit
262 400 483 458 secutus,
530 397 580 447 id
618 397 759 447 nobis
798 399 1019 461 praestat
1057 397 1228 447 auxilii
1267 397 1418 447 codex
1447 397 1508 459 F,
1540 401 1596 446 ut
1634 397 1734 446 iam
1772 397 1961 461 liquido

158 483 434 533 discernere
470 482 620 532 liceat
658 482 966 532 coniecturas
998 482 1219 531 Rhenani
1250 482 1309 531 ab
1342 483 1430 543 eis,
1470 497 1594 546 quae
1629 482 1801 532 debuit
1833 482 1960 532 codi-

160 568 318 619 cibus.

224 655 280 704 In
307 653 475 704 eadem
501 655 669 703 autem
699 652 1003 703 bibliotheca
1031 652 1463 718 Magliabechiana
1493 655 1780 703 asseruatur
1810 652 1961 702 etiam

159 738 283 788 alter
321 738 471 788 codex
508 737 895 787 Florentinus
933 737 995 786 N
1033 736 1301 803 (Conuenti
1341 737 1593 801 soppressi
1624 736 1709 798 VI,
1751 738 1817 800 9),
1854 737 1962 801 ipse

154 838 352 887 quoque
391 823 679 872 chartaceus
718 822 803 885 (39
836 830 889 879 ><
920 823 1004 883 32>
1044 825 1092 872 et
1131 838 1158 872 a
1197 822 1391 872 duabus
1422 821 1653 872 manibus
1684 821 1735 870 in
1768 821 1961 871 duabus

154 907 434 974 partibusl)
474 910 719 957 exaratus.
760 910 910 971 atque
947 907 1161 972 priorem
1201 907 1401 971 quidem
1438 906 1590 957 huius
1630 906 1816 956 codicis
1854 921 1964 970 par-

151 995 255 1042 tem
294 1008 349 1042 ex
385 993 493 1057 ipso
532 991 973 1056 Montepessulano
1013 992 1314 1055 descriptam
1359 1006 1484 1053 esse,
1539 991 1721 1056 quippe
1765 990 1816 1040 in
1862 1005 1960 1055 qua

151 1092 246 1127 non
292 1078 456 1127 solum
500 1077 660 1141 prima
698 1077 784 1127 sed
823 1079 872 1126 et
911 1076 1125 1127 secunda
1163 1077 1597 1140 Montepessulani
1634 1091 1812 1125 manus
1854 1090 1956 1125 cor-

149 1163 325 1212 rectrix
371 1165 693 1226 compareret,
754 1177 866 1211 cum
926 1162 1064 1226 prius
1117 1177 1203 1226 pro
1251 1161 1503 1226 explorato
1541 1161 1642 1210 iam
1681 1159 1956 1221 habuerim,

148 1246 295 1297 hodie
349 1247 519 1296 eadem
571 1246 755 1296 fiducia
805 1261 900 1296 non
944 1246 1154 1296 audeam
1199 1261 1433 1296 asserere.
1486 1248 1655 1309 potest
1700 1245 1832 1295 enim
1876 1244 1957 1295 hic

146 1330 464 1382 Florentinus
485 1332 634 1381 etiam
660 1330 942 1382 Gorziensis
964 1331 1081 1381 libri
1105 1346 1214 1382 esse
1245 1331 1586 1397 apographum
1610 1331 1757 1381 hodie
1789 1330 1956 1395 deper-

149 1416 257 1476 diti,
298 1418 441 1467 cuius
480 1417 829 1468 collationibus
866 1417 915 1466 in
953 1417 1100 1466 tertia
1138 1431 1230 1466 sua
1265 1431 1389 1467 usus
1428 1418 1505 1466 est
1541 1416 1729 1465 Beatus
1762 1415 1955 1464 Rhena-

149 1502 314 1570 nus.2)
352 1504 467 1553 sciri
505 1504 634 1554 enim
673 1503 860 1569 nequit,
897 1532 965 1538 —
1005 1517 1305 1566 quamquam
1344 1503 1477 1551 tacet
1516 1501 1574 1550 de
1612 1501 1703 1551 hac
1740 1516 1792 1550 re
1829 1500 1953 1550 Rhe-

148 1604 305 1639 nanus
351 1618 418 1624 -
469 1605 588 1638 num
640 1605 818 1639 manus
871 1591 1205 1638 correctorum
1241 1587 1674 1653 Montepessulani
1718 1588 1867 1637 etiam
1905 1587 1953 1636 in

148 1674 234 1723 illo
268 1674 437 1724 codice
470 1674 852 1738 comparuerint,
884 1677 942 1723 ut
980 1677 1031 1723 et
1066 1673 1182 1723 hinc
1212 1673 1364 1723 fluere
1395 1673 1647 1738 potuerint
1675 1672 1726 1721 in
1757 1671 1957 1722 Floren-

147 1759 322 1809 tinum.
376 1762 490 1808 utut
541 1763 709 1809 autern
754 1759 1075 1810 iudicandum
1122 1761 1200 1809 est
1244 1758 1304 1808 de
1344 1758 1521 1809 horum
1560 1757 1790 1808 codicum
1827 1757 1956 1808 inter

147 1860 200 1895 se
252 1845 508 1907 affinitate,
562 1845 678 1908 quin
731 1845 793 1894 ad
836 1844 1337 1908 Montepessulanum
1390 1844 1595 1894 redeant
1644 1859 1741 1894 non
1786 1845 1957 1908 potest

147 1929 379 1992 dubitari,
420 1945 566 1994 quam
608 1930 669 1980 ob
708 1945 811 1980 rem
849 1945 936 1993 pro
971 1930 1047 1979 -eis
1086 1929 1383 1979 Tertulliani
1418 1928 1579 1989 libris,
1619 1943 1743 1993 quos
1783 1931 1833 1978 et
1868 1928 1953 1978 ille

147 2016 379 2077 continet,
421 2031 622 2080 prorsus
656 2019 771 2065 sunt
809 2014 1172 2080 neglegendi.3)
1212 2014 1467 2065 suboritur
1504 2017 1672 2065 autem
1710 2014 1805 2063 hoc
1841 2014 1952 2064 loco

146 2102 390 2165 quaestio,
444 2101 572 2151 unde
625 2101 904 2165 acceperint
947 2100 999 2150 hi
1038 2098 1289 2167 codices4)
1328 2115 1385 2149 ea
1420 2099 1714 2150 Tertulliani
1751 2098 1950 2164 scripta,

146 2201 270 2250 quae
308 2187 356 2235 in
396 2182 836 2251 Montepessulano
875 2201 970 2235 non
1010 2185 1341 2235 continentur.
1388 2200 1443 2234 ac
1488 2185 1704 2249 primum
1750 2183 1951 2249 quidem

216 2364 247 2419 1>
276 2365 546 2406 Dirimuntur
575 2365 655 2406 hae
686 2368 841 2419 partes,
875 2377 1050 2419 quarum
1086 2363 1310 2418 utriusque
1347 2364 1391 2404 in
1427 2363 1510 2405 fine
1542 2363 1798 2419 subscriptio
1838 2377 1951 2406 com-

142 2438 264 2491 paret
292 2436 425 2488 nulla,
457 2435 622 2477 duobus
652 2435 765 2477 foliis
797 2435 944 2477 uacuis
974 2435 1148 2478 relictis.

214 2506 245 2558 2)
290 2507 409 2549 Dicit
450 2507 493 2548 in
539 2507 806 2561 praefatione
850 2506 960 2548 hanc
1005 2506 1278 2547 collationem
1323 2505 1568 2560 ‘diliyentia
1611 2510 1651 2548 et
1694 2506 1951 2549 dexteritate

141 2578 332 2619 Huberti
365 2578 560 2619 Custinei
587 2578 677 2619 uiri
707 2591 801 2619 enm
823 2578 990 2630 pietate
1019 2581 1110 2618 tum
1139 2577 1384 2619 eruditione
1423 2577 1668 2618 excellentis
1705 2577 1950 2619 adiuuante

140 2649 373 2690 Dominico
394 2648 656 2689 Florentino
679 2648 826 2689 sodali
847 2641 1077 2700 peractam
1107 2659 1192 2689 esse
1222 2660 1331 2689 cura
1361 2647 1599 2689 clarissimi
1618 2647 1741 2688 Iuris
1763 2647 1950 2689 consulti

139 2719 198 2761 D.
234 2718 416 2761 Claudii
449 2719 771 2761 Cantinnculae
798 2718 847 2759 F
844 2718 1083 2759 erdinandi
1116 2718 1320 2759 Caesaris
1343 2730 1371 2759 a
1393 2718 1603 2760 consilio.'
1634 2718 1774 2759 uarias
1805 2720 1947 2759 autem

138 2789 265 2831 huius
311 2789 553 2831 collatione
596 2789 802 2831 lectiones
848 2789 1070 2843 exscripsit
1113 2789 1342 2831 Rhenanus
1379 2788 1422 2830 in
1462 2787 1814 2830 adnotationibus
1859 2789 1946 2831 suis

140 2860 319 2914 singulis
347 2860 468 2902 libris
498 2860 707 2915 praefixis.

209 2930 241 2983 3)
273 2932 475 2972 Attamen
507 2931 561 2972 ad
590 2930 745 2972 librum
777 2931 828 2972 de
857 2931 1079 2983 patientia
1115 2930 1265 2972 notaui
1302 2943 1447 2972 omnes
1479 2929 1636 2972 codicis
1665 2929 1714 2972 N
1740 2930 1945 2972 lectiones

138 3003 290 3051 uarias,
322 3004 372 3043 ut
402 3002 539 3055 qualis
578 3002 636 3044 sit
671 3002 809 3056 possit
847 3003 1058 3055 cognosci.
1099 3000 1522 3043 animaduertendum
1561 3003 1703 3042 autem
1743 3002 1810 3042 est
1838 3001 1945 3043 satis

139 3071 341 3114 audacter
370 3075 414 3114 et
449 3086 534 3113 non
571 3073 661 3114 sine
698 3085 856 3126 magna
895 3072 1135 3126 corrigendi
1171 3072 1416 3113 temeritate
1455 3071 1686 3125 depingere
1723 3070 1940 3113 librarium

138 3143 352 3196 exemplar
381 3156 516 3193 suum,
550 3143 708 3196 quippe
740 3143 813 3196 qui
842 3155 921 3184 nec
952 3156 977 3184 a
1007 3142 1261 3184 coniecturis
1298 3154 1376 3183 nec
1413 3141 1465 3183 ab
1495 3141 1868 3183 immutationibus
1900 3145 1944 3183 et

137 3213 539 3267 interpolationibus
571 3213 810 3255 abhorreat.

207 3283 239 3336 ⁴)
276 3284 431 3325 Totum
469 3298 620 3338 corpus
657 3284 700 3325 in
739 3284 961 3327 Gor-ziensi
999 3284 1213 3325 exstitisse
1260 3296 1309 3325 ex
1353 3282 1545 3324 Rhenani
1591 3282 1940 3324 adnotationibus

136 3353 287 3409 liquet.
