2248 3646
190 176 294 224 252
566 169 756 221 Quinti
791 168 1021 225 Septimi
1054 168 1328 210 Florentis
1361 168 1695 211 Tertulliani

192 347 379 396 quam
414 346 525 397 pei·
558 330 903 395 speculum
930 329 991 379 in
1029 329 1418 395 aenigmate,
1451 332 1606 380 tune
1641 333 1855 380 autem
1890 330 2061 380 faeie

191 418 265 468 ad
312 418 565 469 faeiem.
619 418 781 484 igitur
838 433 954 468 eum
1003 417 1173 483 Moysi
1222 419 1396 468 seruat
1441 421 1777 483 conspectum
1819 433 1970 468 suum
2012 421 2063 468 et

192 507 510 572 colloquium
557 506 687 556 faeie
737 505 800 555 ad
845 505 1029 556 faeiem
1077 505 1128 555 in
1175 505 1425 567 futurum,
1467 534 1535 540 -—
1576 521 1690 556 nam
1742 506 1837 556 hoe
1884 507 2064 570 postea

190 595 528 660 adimpletum
571 597 654 644 est
689 594 739 644 in
774 593 963 644 montis
998 608 1225 651 εθθθεευ,
1269 592 1404 643 siout
1442 593 1667 660 legimus
1701 593 1751 642 in
1793 592 2061 659 euangelio

190 683 363 734 uisum
406 698 522 732 eum
563 681 653 732 illo
689 681 903 748 Moysen
939 680 1316 746 colloquentem
1350 711 1418 716 ——
1453 683 1663 747 apparet
1693 683 1826 731 retro
1864 695 2066 745 semper
2118 700 2136 729 ε»

190 771 240 820 in
283 771 492 836 speculo
544 773 594 825 et
645 769 935 836 aenigmate
984 773 1035 820 et
1081 769 1282 821 uisione
1332 772 1382 820 et
1429 769 1846 827 somniodeum,
1894 768 1947 818 id
1988 771 2067 819 est·

192 858 355 909 filium
399 858 496 920 (lei,
538 858 731 918 uisum,
781 860 887 907 tam
927 857 1193 923 prophetis
1236 861 1287 908 et
1332 857 1638 923 patriarchis
1681 872 1832 923 quam
1876 859 1927 907 et
1963 856 2066 921 ipsi

193 947 359 998 adhue
414 946 602 1012 Moysi.
661 949 711 996 et
762 946 876 1010 ipse
934 945 1143 1011 quidem
1199 945 1454 1007 dominus,
1505 945 1549 996 si
1596 945 1727 995 forte
1783 959 1952 995 eoram
2005 944 2065 994 ad

192 1035 375 1085 faeiem
438 1033 767 1099 loquebatur,
842 1049 940 1083 non
1003 1035 1190 1095 tamen,
1254 1036 1312 1083 ut
1376 1035 1426 1084 et
1486 1033 1637 1085 homo
1700 1032 1886 1083 faeiem
1956 1032 2066 1082 eius

192 1122 407 1182 uideret,
462 1121 562 1173 nisi
609 1122 739 1172 forte
786 1121 836 1171 in
885 1122 1113 1187 spectile,
1165 1121 1215 1171 in
1263 1121 1567 1187 aenigmate.
1625 1120 1853 1185 denique
1901 1119 1944 1170 si
1995 1120 2066 1170 sie
2101 1139 2138 1169 ιο

191 1210 360 1276 Moysi
401 1211 609 1262 loeutus
645 1212 785 1260 esset
818 1209 1071 1271 dominus,
1114 1212 1173 1259 ut
1213 1211 1264 1259 et
1294 1209 1501 1275 Moyses
1534 1209 1718 1259 faeiem
1761 1207 1871 1258 eius
1914 1207 2069 1258 comiu

195 1315 290 1349 nus
326 1298 497 1359 sciret,
533 1298 789 1364 quomodo
825 1298 1002 1349 statim
1037 1299 1189 1363 atque
1222 1297 1412 1348 ibidem
1450 1297 1709 1349 desiderat
1740 1296 1924 1347 faeiem
1958 1297 2067 1346 eius

193 1387 389 1448 uidere,
439 1402 610 1452 quam,
654 1386 775 1451 quia
813 1386 1029 1446 uiderat,
1071 1403 1168 1437 non
1211 1385 1561 1436 desideraret?
1612 1384 1869 1450 quomodo
1911 1399 2071 1450 aeque

195 1476 245 1524 et
277 1474 518 1525 dominus
561 1477 714 1541 negat
753 1473 919 1524 uideri
959 1473 1145 1524 faeiem
1180 1489 1325 1523 suam
1360 1489 1529 1538 posse,
1575 1488 1727 1538 quam
1762 1471 2071 1528 ostenderat,

194 1562 236 1613 si
277 1565 447 1613 tamen
485 1562 815 1613 ostenderat?
850 1563 939 1611 aut
972 1577 1101 1626 quae
1136 1565 1216 1611 est
1247 1561 1404 1611 facies
1440 1560 1537 1621 dei,
1574 1560 1724 1610 euius
1758 1562 2067 1624 eonspeetus
2103 1578 2142 1608 ιε»

192 1653 441 1724 negatur?
485 1651 526 1701 si
569 1652 676 1701 erat
716 1665 845 1715 quae
886 1650 1000 1700 uisa
1042 1652 1138 1708 est,
1172 1681 1242 1686 ——-
1275 1649 1432 1711 uidi,
1473 1649 1645 1715 inquit
1677 1648 1847 1710 Iacob,
1883 1647 2066 1698 deum

194 1739 368 1789 faeie
404 1739 478 1789 ad
511 1739 771 1800 faeiem,
807 1742 868 1789 et
901 1738 1089 1788 salua
1122 1739 1302 1788 faeta
1337 1739 1440 1788 est
1474 1737 1685 1787 anima
1717 1753 1850 1786 mea
1876 1767 1940 1771 ——
1970 1736 2070 1785 alia

194 1826 343 1897 (lebet
401 1842 514 1877 esse
569 1826 745 1888 faeieS,
803 1842 947 1891 quae,
1005 1825 1048 1876 si
1103 1826 1357 1888 uideatur,
1412 1825 1617 1876 oceidit.
1676 1827 1765 1875 aut
1818 1823 2071 1889 numquid

193 1914 331 1965 filius
389 1914 596 1980 quidem
653 1914 943 1976 uidebatur,
999 1944 1070 1949 —-
1125 1914 1224 1963 etsi
1285 1913 1433 1975 faeie,
1499 1913 1591 1964 sed
1643 1912 1815 1978 ipsum
1871 1912 1966 1962 hoe
2020 1911 2070 1960 in

195 2003 394 2054 uisione
450 2006 501 2054 et
556 2003 755 2054 somnio
817 2005 867 2052 et
913 2001 1123 2069 speculo
1175 2005 1224 2053 et
1273 2001 1579 2068 aenigmate,
1639 2000 1758 2066 quia
1806 2016 1971 2063 sermo
2021 2001 2072 2049 et
2101 2018 2143 2048 20

195 2091 408 2156 spiritus
457 2091 557 2141 nisi
612 2091 916 2158 imaginaria
962 2091 1129 2141 forma
1175 2090 1341 2140 uideri
1396 2105 1495 2140 non
1550 2092 1724 2155 potest
1770 2118 1839 2124 -
1886 2087 2069 2138 faeiem

195 2183 365 2230 autem
416 2196 563 2230 suam
607 2178 734 2229 dieit
771 2178 1091 2230 inuisibilem
1133 2181 1368 2243 patrem}>
1417 2177 1532 2242 quis
1571 2177 1706 2228 enim
1747 2179 1924 2243 pater?
1972 2191 2069 2227 non

192 2267 351 2318 facies
408 2268 504 2318 erit
558 2267 650 2318 filii
705 2267 912 2318 nomine
968 2266 1311 2328 auetoritatiS,
1377 2281 1529 2330 quam
1585 2265 1791 2334 genitus
1848 2281 1876 2315 a
1927 2266 2070 2330 patre

195 2355 561 2420 consequitur?
609 2371 706 2407 non
750 2355 885 2406 enim
928 2357 979 2405 et
1019 2356 1080 2405 de
1121 2355 1293 2419 aliqua
1332 2353 1524 2404 maiore
1571 2368 1789 2420 persona
1836 2352 2072 2418 congruit

196 2443 388 2493 dicere:
432 2443 606 2494 ‘facies
647 2458 762 2493 mea
803 2447 883 2494 est
908 2443 1009 2508 ,isse
1049 2443 1238 2503 homo',
1282 2443 1355 2493 et:
1398 2441 1599 2493 ‘faeiem
1630 2441 1759 2491 mihi
1790 2442 2070 2506 praestat'?
2102 2455 2143 2486 25

195 2535 400 2595 pater,
450 2531 635 2596 inquit,
686 2532 893 2581 maior
938 2546 1031 2581 me
1081 2532 1193 2581 est.
1243 2546 1361 2596 ergo
1417 2530 1575 2580 facies
1633 2529 1729 2579 erit
1772 2528 1867 2578 filii
1912 2530 2069 2594 pater.

340 2702 385 2756 4]
428 2701 480 2743 cf.
519 2701 679 2743 Matth.
725 2702 790 2756 17,
833 2703 871 2743 3.
911 2701 1124 2750 Maras,
1166 2701 1205 2742 3.
1246 2700 1349 2744 Luc.
1392 2700 1433 2752 9,
1472 2700 1541 2742 30.
1636 2678 1706 2754 16]
1751 2698 1855 2743 Gen.
1898 2700 1966 2753 32,
2001 2699 2068 2741 30.

195 2774 266 2829 26]
301 2774 394 2816 ioh.
431 2775 496 2826 14,
531 2775 599 2815 28.

251 2879 278 2919 4
318 2891 495 2920 secessu
525 2878 581 2931 P,
622 2891 842 2919 secessum
874 2875 979 2918 MF
1085 2877 1110 2917 6
1152 2875 1322 2917 somnio
1355 2876 1410 2926 P,
1452 2889 1634 2930 sompno
1675 2874 1780 2916 MF
1886 2874 1911 2916 9
1945 2877 1995 2914 ut
2027 2876 2071 2914 et

194 2952 375 3008 scripsi:
407 2953 457 2992 ut
490 2953 557 2992 est
587 2950 701 3003 PM,
735 2954 804 2992 est
826 2949 875 2991 F
897 2952 965 3001 (ut
988 2963 1020 2991 s.
1051 2964 1092 2991 u.
1121 2963 1150 2990 a
1173 2963 1228 2990 m.
1257 2949 1372 3001 alia)
1462 2946 1513 2989 1‘0
1538 2948 1582 2990 in
1610 2948 1861 3002 aenigmate
1885 2946 1999 2992 MF,
2026 2949 2069 2986 θῖ

194 3027 239 3066 in
264 3026 514 3080 aenigmate
538 3025 731 3079 Puulyo
817 3025 865 3066 11
896 3027 1013 3065 θεεθῖ
1035 3024 1219 3077 scripsi:
1246 3026 1312 3064 est
1331 3022 1478 3064 PMF
1559 3022 1610 3064 13
1637 3022 1747 3078 quia·
1766 3020 1939 3062 uiderat
1955 3019 2067 3067 MF,

179 3092 234 3139 'si
253 3097 431 3140 uideret
448 3098 492 3139 P
574 3099 625 3139 15
651 3099 688 3140 si
713 3100 861 3140 tamen
889 3096 1147 3139 ostenderat
1171 3110 1251 3140 om.
1272 3096 1320 3138 F
1400 3101 1445 3137 at
1471 3095 1710 3149 quaefort.
1791 3094 1842 3135 16
1867 3099 2068 3148 negatur,

197 3173 232 3214 si
256 3172 394 3226 uu290
509 3172 806 3226 parenthesin
828 3170 1061 3213 indicaui:
1089 3170 1185 3211 uisa
1209 3169 1307 3211 est?
1335 3168 1448 3211 uidi
1479 3169 1617 3223 uulqo
1705 3168 1755 3209 19
1776 3166 2069 3221 parenthesin
2141 3161 2145 3165 ⁴

194 3244 404 3286 indicaui
492 3245 605 3286 faeie
632 3244 708 3286 sed
732 3244 916 3298 scripsi:
939 3243 1073 3285 facies
1100 3245 1144 3285 et
1160 3242 1216 3293 F,
1244 3242 1377 3285 facies
1403 3241 1481 3283 sed
1504 3241 1608 3285 PM
1684 3241 1739 3282 20
1764 3240 1932 3282 somnio
1956 3239 2068 3292 PM,

192 3331 345 3359 somno
370 3318 419 3360 F
496 3318 548 3359 21
575 3316 754 3372 potest?
779 3316 937 3359 faeiem
960 3317 1112 3372 uulgo·
1180 3316 1236 3356 22
1261 3318 1445 3370 patrem.
1474 3315 1570 3369 quis
1595 3314 1731 3368 uulyo
1850 3326 1936 3354 non
1961 3311 2067 3354 Urs:

195 3404 298 3432 num
330 3390 475 3432 PMF
563 3390 617 3432 25
649 3392 859 3445 praestat.
893 3393 1019 3445 pater
1049 3390 1185 3444 uulyo
1277 3388 1330 3430 26
1364 3402 1431 3429 me
1464 3390 1533 3429 est
1564 3387 1664 3438 PF,
1699 3389 1765 3428 θεῖ
1795 3400 1864 3427 me
1899 3384 1956 3426 M
2028 3415 2030 3417 -
