2248 3646
166 241 268 291 106
540 234 731 288 Quinti
765 234 996 289 Septimi
1028 233 1312 275 Florentis
1345 232 1679 274 Tertulliani

159 402 293 450 rata
335 400 423 449 est
469 412 646 457 morS,
698 395 892 457 dicens,
942 395 1000 446 in
1057 393 1466 445 contentione.
1528 392 1632 443 ubi
1688 394 1797 455 est,
1860 408 2036 454 mors¹

160 485 417 537 aculeus
465 486 646 535 tuus?
705 482 807 532 ubi
864 485 975 543 est,
1031 496 1209 542 mors,
1256 480 1536 546 potentia
1590 482 1728 530 tu'a‘?
1785 480 2035 531 aculeus

160 576 362 623 autem
410 571 628 621 mortis
677 568 1124 635 delinquentia,
1167 568 1291 618 haec
1334 568 1430 618 erit
1471 567 1777 633 corruptela,
1834 568 2036 618 uirtus

160 662 360 710 autem
396 657 861 722 delinquentiae
902 656 1011 716 lex,
1054 655 1144 705 illa
1177 654 1277 705 alia
1310 655 1418 706 sine
1452 653 1626 718 dubie,
1664 670 1821 719 quam*
1851 656 2037 706 consti-

159 747 263 798 tuit
309 747 360 797 in
407 745 653 796 membris
703 745 813 795 suis
862 744 1172 795 militantem
1222 743 1471 795 aduersus
1518 744 1685 810 legem
1736 743 1892 794 animi
1940 743 2036 806 sui,

159 835 327 901 ipsam
369 833 570 885 scilicet
611 833 717 883 uim
761 831 1093 896 delinquendi
1135 836 1311 881 contra
1349 832 1691 883 uoluntatem.
1749 848 1864 882 nam
1905 835 1956 882 et
1996 833 2037 882 si

159 938 315 989 supra
361 921 706 972 nouissimum
754 919 1025 970 inimicum
1074 922 1293 969 mortem
1343 919 1584 970 euacuari
1623 919 1710 980 ait,
1750 920 1847 971 hoc
1886 920 2036 972 modo

157 1026 263 1061 nec
297 1007 656 1073 corruptela
682 1007 1098 1058 hereditatem
1125 1007 1591 1073 incorruptelae
1618 1008 2035 1072 consequitur,

158 1098 316 1148 idest
342 1113 432 1148 nec
460 1112 596 1146 mors
624 1094 993 1162 perseuerabit.
1015 1094 1216 1160 quando
1245 1097 1296 1145 et
1322 1094 1577 1159 quomodo
1607 1095 1901 1146 defectura?
1921 1111 2037 1147 cum

159 1186 215 1235 in
265 1188 488 1246 atomo,
545 1185 600 1234 in
658 1186 1079 1235 momentaneo
1137 1183 1304 1234 oculi
1352 1187 1534 1245 motu,
1590 1183 1646 1233 in
1696 1184 2035 1235 nouissima

159 1274 306 1324 tuba
347 1275 406 1324 et
445 1272 671 1323 mortui
711 1273 1041 1339 resurgent
1077 1270 1441 1337 incorrupti,
1470 1302 1537 1307 -—
1565 1272 1651 1337 qui
1691 1272 1759 1333 hi,
1809 1271 1908 1322 nisi
1948 1272 2033 1338 qui

157 1364 272 1413 ante
307 1361 549 1427 corrupti,
584 1361 636 1412 id
670 1365 750 1411 est
782 1376 1008 1427 corpora,
1043 1359 1095 1410 id
1130 1362 1208 1410 est
1243 1375 1356 1411 caro
1393 1365 1442 1411 et
1476 1361 1720 1427 sanguis?
1746 1392 1814 1396 —-
1841 1364 1897 1412 et
1928 1377 2031 1411 nos

160 1449 638 1509 demutabimur,
672 1478 743 1483 —
778 1448 837 1499 de
873 1464 972 1513 qua
1004 1447 1323 1508 habitudine,
1351 1449 1450 1498 nisi
1482 1449 1530 1498 in
1566 1464 1666 1516 qua
1700 1449 2033 1515 deprehende-

159 1540 307 1587 mur?
334 1567 403 1572 »-
429 1539 676 1602 oportet
709 1536 866 1587 enim
902 1535 1328 1602 corruptiuum
1362 1537 1531 1587 istud
1564 1537 1814 1588 induere
1848 1537 2033 1587 incor-

160 1625 507 1690 ruptionem
558 1628 620 1675 et
666 1625 929 1675 mortale
978 1623 1148 1675 istud
1196 1624 1449 1698 induere
1497 1626 2029 1676 inmortalitatem.

159 1713 281 1778 quid
314 1714 548 1776 mortale,
583 1712 681 1763 nisi
724 1715 875 1763 caro?
910 1711 1031 1778 quid
1067 1712 1439 1777 corruptiuum,
1473 1714 1573 1763 nisi
1608 1713 1853 1780 sanguis?
1887 1729 1943 1764 ac
1974 1730 2034 1765 ne

162 1803 310 1865 putes
353 1799 494 1850 aliud
535 1799 722 1850 sentire
765 1798 1077 1863 apostolum,
1121 1816 1203 1851 με
1246 1799 1603 1865 prouidentem
1642 1800 1739 1849 tibi
1772 1803 1837 1862 et,
1878 1803 1937 1851 ut·
1976 1801 2034 1851 de

161 1904 309 1941 carne
349 1887 544 1938 dictum
585 1887 877 1954 intellegaS,
925 1886 1270 1938 laborantem:
1322 1903 1436 1938 cum
1480 1888 1607 1939 dicit
1652 1888 1794 1939 istud
1835 1904 2034 1954 corrup-

159 1977 329 2027 tiuum
372 1979 422 2026 et
459 1975 602 2026 istud
642 1976 878 2036 mortale,
922 1978 1093 2026 cutem
1125 1976 1292 2042 ipsam
1324 1980 1504 2028 tenens
1540 1976 1679 2029 dicit.
1723 1980 1857 2027 certe
1895 1977 2032 2029 istud

160 2064 256 2115 nisi
299 2064 360 2114 de
402 2064 656 2125 subiecto,
698 2063 798 2113 nisi
840 2063 900 2114 de
942 2065 1275 2130 comparenti,
1317 2066 1678 2130 pronuntiasse
1718 2081 1816 2117 non
1849 2065 2033 2131 potuit.

160 2151 613 2203 demonstrationis
641 2152 925 2217 corporalis
950 2155 1029 2202 est
1054 2153 1287 2203 uerbum.
1324 2153 1465 2203 aliud
1497 2157 1670 2203 autem
1705 2154 1801 2204 erit
1834 2169 2035 2219 corrup-

164 2242 349 2303 tiuum,
392 2240 534 2291 aliud
574 2242 879 2306 corruptela,
916 2244 964 2291 et
999 2241 1140 2291 aliud
1173 2244 1406 2304 mortale,
1439 2240 1530 2311 [et]
1565 2242 1703 2292 aliud
1735 2241 2036 2292 mortalitas.

163 2329 304 2380 aliud
361 2330 495 2379 enim
553 2329 690 2395 quod
745 2330 956 2395 patitur,
1014 2329 1153 2380 aliud
1210 2331 1346 2395 quod
1401 2331 1508 2395 pati
1565 2330 1737 2382 efficit.
1793 2330 1864 2380 ita
1911 2345 2038 2395 quae

305 2459 351 2514 4]
394 2458 445 2500 cf.
479 2459 601 2503 Rom.
646 2459 683 2509 7,
725 2459 794 2502 223.
897 2459 939 2513 7]
981 2458 1034 2501 cf.
1075 2457 1096 2499 Ι
1140 2458 1235 2503 Cor.
1280 2460 1346 2508 15,
1387 2461 1454 2503 526.
1569 2460 1613 2514 8]
1655 2459 1676 2501 Ι
1719 2458 1814 2503 Cor.
1858 2461 1926 2514 15,
1966 2460 2033 2503 50.

164 2533 234 2587 10]
266 2531 288 2574 I
321 2532 417 2575 Cor.
455 2533 521 2582 15,
557 2533 625 2575 52.
723 2532 790 2588 14]
828 2532 849 2574 I
882 2532 978 2575 Cor.
1017 2534 1081 2584 15,
1114 2533 1182 2575 53.

222 2636 241 2677 1
279 2635 562 2677 contentione
592 2634 817 2689 PMFRl,
852 2637 1181 2678 contentionem
1225 2639 1299 2692 (cs.
1333 2650 1366 2680 c.
1405 2639 1482 2691 54)
1513 2637 1577 2680 R³
1592 2636 1728 2692 nulyo
1818 2638 1843 2679 2
1883 2639 2036 2692 poten-

161 2710 226 2751 tia
256 2709 411 2760 PMR
444 2709 672 2751 contentio
706 2709 825 2751 Pam
922 2711 947 2752 6
982 2710 1065 2752 etsi
1096 2710 1251 2761 PMF,
1288 2716 1332 2752 et
1360 2710 1444 2753 Gez
1563 2711 1815 2767 ‹lvfficultas
1845 2711 1958 2754 inest
1989 2712 2038 2753 in

165 2783 332 2825 uerbis:
362 2797 462 2824 nani
497 2786 541 2824 et
575 2783 610 2824 si
644 2787 717 2824 etc.
753 2787 802 2825 ut
835 2783 950 2824 enim
984 2788 1085 2837 apte
1116 2784 1226 2825 haec
1250 2784 1512 2827 dicerentur.
1538 2786 1578 2827 st
1600 2785 1743 2827 nullis
1765 2785 2040 2838 interpositis

165 2857 226 2899 ad
256 2869 308 2898 ea
338 2870 383 2899 se
415 2855 714 2910 applicarent,
746 2868 861 2910 qnae
891 2869 1036 2911 snpra
1069 2857 1276 2911 leyuntnr
1302 2872 1348 2911 p.
1382 2859 1488 2907 105,
1524 2860 1609 2900 25:
1649 2857 1940 2900 hereditatem
1972 2859 2037 2900 in-

165 2929 439 2984 corruptelae
471 2929 651 2981 ademit,
685 2929 754 2971 ita
784 2942 906 2972 nnnc
935 2929 1074 2972 sinn'lc'
1104 2931 1294 2972 membro
1320 2932 1548 2973 interiecto
1571 2931 1681 2972 mihi
1704 2931 1879 2985 quidem
1903 2933 2036 2985 offen-

160 3004 282 3045 sioni
311 3008 428 3046 sunt.
463 3003 608 3044 neseio
638 3003 790 3057 iyitur,
826 3017 888 3044 an
918 3016 983 3053 ea,
1017 3017 1132 3057 qnae
1160 3004 1453 3057 intercedunt,
1486 3005 1559 3046 uel
1591 3005 1646 3046 ab
1681 3009 1861 3047 auc-tore
1884 3005 1957 3047 uel
1981 3005 2036 3047 ab

166 3077 260 3118 alio
278 3076 563 3130 postmodum
586 3076 747 3117 addita
771 3077 875 3119 sint.
947 3077 972 3117 S
999 3077 1280 3131 consequitur
1295 3077 1452 3123 PMF,
1478 3081 1768 3132 consequetur
1796 3077 1833 3119 C
1890 3079 1914 3120 9
1940 3092 2036 3133 per-

164 3150 388 3192 seuerabit
418 3150 477 3191 M
505 3149 547 3203 (b
581 3165 633 3192 ea:
666 3165 692 3192 u
727 3165 779 3192 m.
813 3153 855 3203 1)
888 3150 963 3199 113³,
996 3151 1300 3206 perseuerauit
1330 3150 1482 3194 PFR1
1591 3151 1638 3193 11
1674 3153 1931 3206 incorrupti.
1963 3152 2036 3207 qui

163 3223 299 3279 uulyo
392 3224 443 3265 13
470 3222 795 3264 demutabimur
811 3223 949 3264 Pam:
976 3210 1253 3264 demutamur
1275 3223 1425 3265 PMF
1513 3225 1566 3266 14
1591 3224 1960 3279 incorruptionem
1993 3229 2038 3266 et

163 3296 349 3339 mortale
366 3295 687 3338 istudinduere
719 3296 764 3350 G,
789 3310 871 3339 om.
891 3296 1167 3339 PMFBGel
1251 3298 1303 3339 16
1329 3298 1376 3339 at
1399 3296 1447 3338 F
1526 3298 1576 3339 17
1598 3297 1812 3339 lacunam
1833 3298 2040 3352 swynani:

165 3369 341 3426 adspice
379 3371 523 3425 ipsum
564 3370 839 3413 intercidisse
868 3375 984 3425 puto
1078 3371 1130 3412 18
1172 3370 1337 3413 dictum
1377 3370 1512 3413 deleri
1547 3371 1650 3412 uult
1685 3384 1776 3413 van
1808 3370 1884 3413 der
1922 3371 2038 3415 Vliet

166 3443 248 3499 (St.
275 3444 373 3486 eccl.
392 3457 440 3496 p.
474 3444 540 3496 71)
631 3444 682 3484 21
713 3448 856 3485 autem
892 3444 973 3486 erit
1005 3442 1227 3494 PMFR¹‚
1261 3446 1408 3485 autem
1434 3442 1649 3499 Rssuuzffl
1731 3444 1786 3485 22
1813 3446 1857 3486 et
1878 3445 2038 3488 seclusi

2066 1200 2108 1232 10

2065 1640 2104 1672 15

2065 2080 2106 2113 20
