2248 3646
186 220 291 272 260
560 217 748 269 Quinti
783 216 1012 272 Septimi
1043 213 1322 256 Florentis
1355 214 1689 256 Tertulliani

188 380 438 430 rationem
489 380 539 428 et
585 392 700 428 cum
749 375 959 426 unicum
1003 373 1157 425 deum
1205 373 1390 424 statuit
1436 376 1486 423 et
1525 388 1641 424 cum
1690 372 1819 423 duos
1858 375 2053 438 patrem

190 470 241 518 et
295 466 457 517 filium
515 464 757 525 ostendit,
815 465 866 514 et
930 461 1125 514 sufficit
1178 461 1293 514 sibi.
1356 460 1520 511 filium
1576 461 1828 513 nominari
1882 461 1943 511 ab
2001 475 2058 511 ea

192 556 409 606 constat.
454 555 600 604 saluo
643 552 778 604 enim
816 551 923 602 filio
963 552 1101 601 recte
1142 550 1354 600 unicum
1403 548 1556 599 deum
1603 550 1778 614 potest
1824 548 2059 600 determi-

188 658 356 703 nasse,
399 641 547 692 cuius
582 642 661 691 est
692 639 844 691 filius
885 654 983 689 non
1026 637 1160 688 enim
1202 636 1390 688 desinit
1423 652 1536 688 esse
1572 637 1659 702 qui
1699 637 1856 687 habet
1893 636 2060 687 filium

187 731 299 798 ipse
330 729 533 790 unicus,
577 743 669 779 suo
706 727 906 779 scilicet
936 726 1157 787 nomine,
1200 724 1437 791 quotiens
1472 724 1580 774 sine
1612 722 1715 774 filio
1750 724 2058 774 nominatur.
2113 742 2131 773 5

191 819 300 871 sine
355 816 461 868 filio
515 819 689 867 autem
743 815 1052 875 nominatur,
1117 829 1234 864 cum
1289 811 1640 878 principaliter
1695 811 2062 862 determinatur

189 910 249 958 ut
302 906 466 971 prima
517 919 751 970 persona,
816 918 945 968 quae
1002 902 1117 951 ante
1171 899 1265 950 filii
1318 915 1501 950 nomen
1559 901 1665 950 erat
1717 899 2060 965 proponenda,

192 996 311 1062 quia
349 996 494 1061 pater
540 996 655 1044 ante
705 990 1035 1059 cognoscitur
1082 991 1131 1040 et
1169 992 1289 1055 post
1327 990 1523 1055 patrem
1574 988 1712 1040 filius
1752 988 2060 1039 nominatur.

190 1084 352 1151 igitur
405 1093 543 1132 unus·
597 1080 722 1130 deus
770 1081 930 1146 pater,
988 1080 1039 1128 et
1093 1077 1225 1128 alius
1284 1076 1478 1141 absque
1535 1092 1592 1126 eo
1633 1093 1730 1127 non
1779 1078 1869 1127 est.
1926 1076 2061 1141 quod

190 1173 302 1238 ipse
334 1170 557 1221 inferens
590 1184 687 1219 non
723 1166 887 1218 filium
921 1169 1091 1234 negat,
1136 1166 1225 1216 sed
1259 1165 1417 1215 alium
1452 1165 1617 1215 deum.
1660 1166 1888 1216 ceterum
1930 1165 2062 1215 alius
2096 1181 2136 1211 ιο

193 1275 220 1310 a
268 1259 411 1324 patre
457 1255 595 1306 filius
644 1270 742 1306 non
790 1257 882 1305 est.
932 1253 1149 1318 denique
1195 1252 1391 1317 inspice
1448 1251 1715 1317 sequentia
1769 1251 2067 1303 huiusmodi

192 1343 689 1412 pronuntiationum,
753 1344 804 1393 et
858 1341 1088 1392 inuenies
1143 1341 1248 1391 fere
1311 1339 1372 1390 ad
1426 1338 1682 1390 idolorum
1743 1339 2064 1390 factitatores

193 1440 347 1500 atque
389 1434 611 1484 cultores
654 1429 997 1481 definitionem
1043 1444 1214 1479 earum
1255 1427 1524 1494 pertinere,
1573 1430 1632 1477 ut
1678 1427 2064 1479 multitudinem

196 1523 442 1574 falsorum
473 1520 681 1570 deorum
715 1518 835 1569 unio
863 1517 1150 1568 diuinitatis
1185 1516 1420 1582 expellat,
1454 1515 1647 1566 habens
1680 1518 1850 1566 tamen
1884 1514 2065 1575 filium,

198 1612 387 1677 quanto
421 1607 751 1659 indiuiduum
784 1609 833 1656 et
865 1606 1214 1670 inseparatum
1241 1619 1268 1653 a
1292 1606 1452 1670 patre,
1485 1606 1627 1654 tanto
1659 1603 1710 1653 in
1743 1604 1887 1668 patre
1919 1619 2065 1670 repu-
2098 1619 2138 1650 15

196 1698 428 1757 tandum,
495 1695 592 1747 etsi
646 1710 746 1745 non
799 1694 1136 1744 nominatum.
1201 1691 1378 1758 atquin
1435 1691 1477 1742 si
1530 1691 1848 1743 nominasset
1898 1691 2064 1753 illum,

200 1786 506 1852 separasset,
555 1783 629 1834 ita
677 1782 873 1832 dicens:
932 1781 1064 1831 alius
1112 1783 1314 1847 praeter
1360 1795 1442 1830 me
1489 1794 1588 1830 11011
1637 1781 1732 1839 est,
1781 1778 1882 1829 nisi
1928 1777 2066 1828 filius

196 1888 360 1925 meus.
411 1872 570 1922 alium
612 1870 747 1920 enim
788 1869 944 1921 etiam
982 1868 1149 1919 filium
1188 1868 1415 1929 fecisset,
1465 1883 1614 1932 quem
1666 1867 1726 1918 de
1774 1867 1888 1918 aliis
1931 1881 2067 1917 exce-

198 1962 377 2028 pisset.
419 1962 545 2026 puta
594 1960 757 2010 solem
806 1958 997 2008 dicere:
1048 1972 1143 2023 ego
1186 1956 1280 2017 sol,
1331 1958 1382 2007 et
1420 1955 1552 2006 alius
1594 1957 1796 2021 praeter
1840 1971 1921 2005 me
1968 1970 2066 2005 non

199 2053 294 2111 est,
334 2048 434 2099 nisi
474 2048 647 2098 radius
682 2062 853 2097 meus:
895 2061 1060 2096 nonne
1102 2044 1400 2096 denotasses
1439 2044 1741 2104 uanitatem,
1783 2043 1930 2108 quasi
1969 2059 2065 2094 non
2099 2061 2141 2092 20

201 2142 251 2190 et
288 2138 462 2188 radius
503 2137 555 2187 in
605 2136 710 2187 sole
752 2135 1065 2201 deputetur?
1111 2134 1287 2199 itaque
1333 2135 1535 2199 praeter
1582 2132 1921 2198 semetipsum
1968 2147 2067 2183 non

201 2242 314 2279 esse
356 2226 514 2276 alium
557 2224 728 2285 deum,
776 2223 874 2274 hoc
922 2224 1129 2289 propter
1184 2221 1479 2273 idolatriam
1527 2237 1603 2271 sese
1643 2223 1750 2270 tam
1801 2218 2066 2271 nationum

202 2331 353 2380 quam
400 2312 668 2373 Israhelis3
713 2311 868 2362 etiam
916 2314 1125 2376 propter
1170 2309 1476 2370 haereticOS,
1518 2309 1621 2374 qui,
1664 2308 1801 2359 sicut
1838 2307 2068 2359 nationes

200 2402 436 2454 manibus
501 2401 575 2452 ita
630 2402 680 2451 et
725 2400 829 2465 ipsi
875 2399 1047 2450 uerbis
1093 2398 1233 2449 idola
1285 2397 1615 2460 fabricantur,
1670 2397 1724 2447 id
1778 2399 1857 2448 est
1910 2397 2067 2448 alium

203 2491 354 2541 deum
390 2493 441 2540 et
473 2489 630 2539 alium
665 2487 947 2540 Christum.
985 2487 1148 2554 igitur
1180 2489 1229 2537 et
1263 2502 1379 2538 cum
1414 2501 1469 2536 se
1499 2501 1658 2536 unum
1691 2485 2067 2551 pronuntiabat,
2099 2502 2141 2534 25

201 2580 307 2630 filio
341 2581 486 2644 pater
517 2576 838 2643 procurabat,
872 2591 935 2626 ne
963 2575 1023 2626 ab
1051 2575 1148 2626 alio
1184 2575 1277 2626 deo
1306 2575 1543 2626 Christus
1576 2573 1784 2625 uenisse
1818 2573 2067 2632 credatur,

204 2666 295 2719 sed
335 2665 396 2716 ab
438 2665 546 2726 illo,
589 2664 677 2731 qui
722 2663 1065 2730 praedixerat:
1117 2679 1233 2729 ego
1285 2663 1443 2713 deus
1494 2665 1554 2712 et
1601 2661 1774 2712 alius
1824 2662 2067 2728 absque

202 2770 294 2805 me
343 2770 459 2805 non
511 2756 627 2813 est,
679 2753 765 2818 qui
814 2768 867 2803 se
916 2752 1143 2811 unicum,
1195 2751 1285 2802 sed
1332 2766 1447 2801 cum
1489 2748 1611 2814 filio,
1662 2749 1903 2811 ostendit,
1953 2765 2067 2801 cum

204 2859 302 2909 quo
345 2843 543 2893 caelum
586 2841 729 2893 solus
770 2840 1007 2891 extendit.

351 3059 395 3113 9]
431 3058 484 3101 ef.
519 3058 593 3103 Es.
627 3058 696 3113 45,
730 3058 768 3100 5.
862 3057 936 3113 27]
972 3058 1042 3100 Es.
1074 3058 1145 3110 45,
1179 3058 1218 3099 5.
1311 3057 1385 3111 29]
1422 3055 1475 3098 cf.
1508 3055 1580 3098 Es.
1614 3056 1685 3106 44,
1719 3055 1788 3098 24.

264 3220 288 3260 9
329 3218 442 3260 alius
483 3218 648 3272 absque
689 3232 738 3259 eo
769 3217 881 3267 MP,
922 3217 1087 3271 absque
1127 3230 1177 3258 eo
1211 3216 1322 3258 alius
1352 3215 1442 3258 FR
1458 3215 1593 3271 uulyo
1686 3202 1738 3256 {13
1771 3213 2066 3256 definitionem

204 3290 308 3343 RF,
350 3290 651 3332 definitionum
693 3290 736 3331 P
772 3292 816 3343 (u
855 3303 908 3331 eoe
949 3293 988 3341 e)
1020 3288 1078 3329 M
1164 3289 1220 3330 20
1261 3287 1517 3330 denotasses
1558 3290 1592 3340 (s
1633 3301 1685 3329 eae
1722 3289 1743 3328 t
1776 3300 1804 3328 a
1835 3300 1889 3328 m.
1921 3288 1961 3340 1)
1992 3286 2068 3327 M:

207 3363 463 3406 denotasset
501 3363 592 3405 PF
674 3363 726 3404 21
768 3364 945 3418 practer
981 3361 1058 3414 Rss,
1097 3375 1175 3416 per
1211 3360 1418 3403 PMFR¹
1507 3361 1560 3402 22
1610 3362 1823 3403 lacunam
1866 3360 2069 3415 siynaui:

206 3437 513 3492 pronuntiasse
548 3450 642 3478 eum
676 3436 887 3490 intellege
918 3435 991 3477 uel
1021 3435 1190 3477 similia
1221 3434 1543 3477 interciderunt
