2248 3646
253 323 504 375 XXXHH
1018 315 1370 359 Praefatio.

253 484 491 535 obessem
530 477 886 531 commoditati
927 493 1118 539 eorum,
1169 475 1252 542 qui
1304 475 1419 527 aliis
1467 477 1684 533 utuntur
1724 474 2055 539 editionibUS‚
2099 493 2127 528 a

255 568 583 621 distinctione
629 566 825 618 usitata
874 564 1244 618 discedendum
1290 579 1386 615 non
1435 563 1634 630 putaui,
1682 563 1782 615 nisi
1827 564 1917 616 ubi
1970 565 2126 619 unius

252 657 586 721 eiusdemque
641 653 924 706 sententiae
977 651 1210 704 membra
1246 650 1409 702 —id
1462 651 1599 718 quod
1651 667 1705 703 re
1759 667 1881 703 uera
1934 652 2127 705 alicubi

252 745 449 796 factum
505 744 583 795 est
641 772 700 778 —
759 758 850 808 per
904 740 1004 792 duo
1070 740 1239 807 capita
1302 738 1556 806 disposita
1614 738 2011 806 inueniebam.¹)
2077 741 2127 793 in

253 834 499 900 apparatu
555 829 732 881 critico
787 828 1088 881 instruendo
1143 843 1242 880 non
1298 826 1537 894 acquieui
1592 826 1830 879 codicum
1868 828 2128 880 uariantes

254 920 532 986 scripturas
574 918 830 981 adnotare,
873 916 963 968 sed
1001 932 1154 967 usum
1197 917 1408 968 secutus
1448 915 1602 982 paulo
1641 915 1745 966 iam
1776 917 2126 985 uulgatiorem

250 1008 446 1074 passim
485 1005 681 1058 inserui
720 1007 772 1056 et
810 1004 1233 1056 immutationum
1274 1006 1580 1071 argumenta
1619 1019 1773 1070 quam
1820 1004 2129 1056 breuissime

252 1098 499 1162 concepta
554 1096 604 1145 et
655 1093 890 1146 locorum
947 1092 1298 1144 difficiliorum
1352 1091 1801 1158 interpretationes
1860 1092 1971 1144 siue
2016 1108 2125 1144 uer-

254 1183 443 1246 siones,
483 1182 537 1234 id
577 1181 713 1248 quod
751 1181 802 1232 in
843 1184 1048 1233 auctore
1088 1183 1194 1231 tam
1229 1179 1429 1231 difficili
1461 1195 1560 1231 non
1595 1180 1703 1232 sine
1745 1196 1900 1232 causa
1931 1180 2127 1233 factum

254 1287 368 1324 esse
407 1269 713 1336 putauerim.

323 1358 604 1425 Reputanti
643 1360 818 1410 autem
857 1372 1082 1420 mecum,
1124 1358 1374 1423 quantum
1414 1356 1616 1407 differat
1653 1356 1779 1409 haec
1825 1371 1954 1423 quae
1994 1372 2129 1408 nunc

251 1446 503 1513 impressa
543 1447 622 1497 est
660 1445 803 1497 tertii
841 1444 998 1496 huius
1037 1444 1320 1496 uoluminis
1354 1444 1583 1497 recensio
1617 1444 1677 1496 ab
1713 1460 1786 1508 ea,
1821 1460 1973 1510 quam
2009 1445 2128 1495 ante

250 1533 344 1585 hos
402 1533 529 1584 duos
586 1548 744 1584 annos
799 1532 1194 1599 imprimendam
1249 1532 1491 1584 miseram
1532 1531 1905 1595 Vindobonam,
1954 1526 2130 1583 auxilii

253 1621 382 1672 mihi
419 1621 565 1672 uenit
601 1620 653 1672 111
693 1622 937 1685 mentem,
980 1636 1080 1687 quo
1121 1635 1203 1671 me
1244 1619 1447 1672 adiuuit
1497 1619 1843 1688 Augustus
1896 1620 2125 1688 Engel-

252 1709 496 1761 brecht.
550 1711 611 1760 ut
665 1709 801 1761 enim
855 1711 1055 1761 taceam
1111 1707 1171 1759 de
1210 1708 1473 1760 indefessa
1512 1707 1622 1759 eius
1661 1708 1712 1759 in
1750 1708 1977 1776 plagulis
2017 1724 2128 1775 per-

252 1796 487 1863 legendis
536 1796 815 1849 sedulitate
863 1798 916 1848 et
964 1795 1246 1865 diligentia,
1295 1796 1663 1865 ipsergquoque
1709 1812 1800 1862 pro
1852 1812 1945 1848 sua
1982 1799 2126 1863 parte

249 1883 549 1936 recensendi
589 1884 813 1936 auctoris
853 1883 929 1935 ita
968 1883 1199 1950 suscepit
1237 1884 1523 1950 negotium,
1563 1887 1624 1936 ut
1670 1883 1951 1936 aduersarii
2007 1900 2129 1950 quo-

251 1972 522 2024 dammodo
547 1975 746 2024 teneret
768 1974 958 2040 parteS,
984 1973 1036 2023 in
1062 1988 1484 2039 unumquemque
1518 1972 1905 2039 quaternionem
1936 1972 2125 2024 litteris

249 2076 453 2111 mecum
509 2061 910 2125 communican3‚
968 2077 1097 2127 quae
1150 2062 1392 2127 probaret
1445 2076 1576 2128 quae
1637 2060 1810 2113 minus
1869 2061 2126 2128 probaret,

249 2148 440 2201 additis
478 2148 675 2215 passim
708 2164 839 2215 quae
870 2148 1001 2200 meis
1033 2148 1299 2201 inuenisse
1331 2147 1432 2201 sibi
1462 2148 1737 2200 uidebatur
1765 2148 2127 2216 probabiliora.

250 2252 350 2301 qua
402 2252 455 2287 re
512 2237 611 2288 etsi
666 2236 821 2304 duplo
875 2237 980 2288 fere
1033 2237 1163 2288 mihi
1218 2237 1506 2306 augebatur
1557 2237 1720 2300 labor,
1777 2252 1965 2305 magno
2009 2252 2125 2288 cum

248 2325 418 2375 fructu
460 2340 577 2376 eum
615 2340 644 2376 a
682 2341 765 2376 me
806 2324 1094 2376 adhibitum
1134 2325 1319 2377 libenti
1356 2327 1607 2393 gratoque
1653 2325 1823 2377 animo
1864 2324 2124 2376 confiteor.

249 2413 438 2464 iterum
485 2413 620 2464 enim
666 2413 960 2479 iterumque
1006 2413 1291 2481 recogitare
1340 2415 1550 2466 coactus
1600 2416 1651 2466 et
1698 2413 1866 2464 animo
1914 2413 2126 2465 uoluere

249 2516 377 2566 quae
421 2500 745 2553 immutanda
791 2517 1109 2565 censueram,
1158 2502 1325 2554 multa
1369 2517 1581 2569 prorsus
1631 2501 1918 2553 omittenda
1957 2501 2126 2552 multa

252 2588 538 2640 secundum
583 2589 727 2641 illius
775 2589 1027 2641 iudicium
1072 2590 1400 2642 rescribenda
1447 2590 1583 2652 duxi,
1631 2605 1725 2642 nec
1769 2605 1882 2642 raro
1923 2589 2126 2650 accidit,

248 2678 307 2727 ut
346 2676 511 2728 denuo
552 2692 830 2744 aggressus
870 2694 977 2729 rem
1019 2680 1070 2729 et
1110 2679 1430 2745 corruptelae
1479 2678 1655 2730 sedem
1702 2678 1896 2730 rectius
1939 2692 2125 2745 cogno-

249 2779 444 2815 scerem
484 2767 535 2815 et
572 2765 691 2816 inde
729 2766 986 2817 medelam
1024 2766 1322 2819 inuenirem.
1362 2767 1465 2819 huc
1505 2767 1550 2818 si
1590 2766 1739 2828 addo,
1789 2765 1927 2832 quod
1968 2765 2124 2816 etiam

247 2852 299 2902 in
338 2852 656 2904 testimoniis
699 2856 750 2905 et
787 2854 1111 2907 inueniendis
1143 2858 1194 2906 et
1224 2856 1364 2906 recte
1402 2854 1690 2906 indicandis
1728 2853 2013 2906 utilissima
2043 2868 2123 2903 me

250 2939 455 2991 adiuuit
501 2956 667 3007 opera,
718 2941 846 2992 satis
893 2957 974 2992 me
1021 2941 1208 2994 habere
1253 2945 1398 3009 puto,
1448 2942 1587 3009 quod
1631 2941 1787 2994 huius
1840 2940 2124 2993 uoluminis

250 3027 466 3078 alterum
537 3043 653 3079 eum
723 3029 982 3081 nominem
1044 3030 1307 3082 editorem.
1379 3061 1446 3068 —
1516 3032 1644 3082 Post
1710 3030 1849 3081 hunc
1916 3029 2121 3080 nomino

250 3115 608 3167 Henricum
654 3117 902 3184 Hoppe‚
951 3117 1100 3170 cuius
1158 3118 1288 3170 liber
1343 3116 1544 3185 Syntaoe
1588 3118 1698 3170 cond
1738 3117 1842 3170 Stil
1877 3117 1963 3169 des
2003 3117 2131 3190 Ter-v

325 3315 355 3368 1)
387 3317 493 3359 Sero
525 3331 593 3359 me
624 3318 838 3360 monitum
870 3331 966 3360 esse
1007 3318 1135 3361 doleo
1176 3318 1229 3361 ab
1270 3320 1410 3362 amico
1441 3319 1711 3372 Monacensi,
1751 3321 1801 3362 ut
1831 3317 2120 3375 paragraphis

249 3388 522 3445 singulorum
554 3390 747 3446 capitum
779 3391 1051 3447 marginibus
1085 3392 1300 3447 appositis
1330 3393 1589 3436 inseruirem
1620 3391 1925 3435 commoditati
1957 3404 2119 3440 eorum,

251 3462 325 3517 qui
354 3461 553 3518 Linguae
584 3464 770 3507 Latinae
802 3465 1026 3507 Thesauro
1067 3464 1342 3520 congerendo
1383 3464 1491 3508 dant
1531 3479 1721 3522 operam.
1755 3465 1832 3508 sed
1872 3477 2000 3520 opere
2031 3463 2118 3506 iam

248 3535 553 3592 semiperfecto
585 3537 716 3581 huius
748 3538 812 3581 rei
843 3539 1060 3582 rationem
1091 3538 1256 3581 habere
1287 3538 1376 3582 iam
1407 3552 1495 3581 non
1526 3539 1666 3595 potui.
