2248 3646
233 223 335 274 338
598 219 789 272 Quinti
822 220 1054 275 Septimi
1085 220 1364 264 Florentis
1397 221 1729 265 Tertulliani

230 383 568 434 benedicebat
619 398 747 447 quae
800 382 1169 445 benefaciebat,
1219 386 1280 435 ut
1332 383 1429 434 tibi
1481 386 1630 438 totus,
1674 384 1800 436 deus
1848 401 2101 438 commen-

232 470 451 534 daretur,
505 470 671 522 bonus
721 473 773 521 et
812 470 980 521 dicere
1030 474 1081 522 et
1120 471 1305 522 facere.
1368 471 1675 522 maledicere
1724 472 1891 524 adhuc
1932 490 2098 526 sermo

230 574 328 609 non
368 561 531 620 norat,
582 561 702 623 quia
740 574 833 608 nec
872 558 1192 610 malefacere.
1254 559 1551 610 uidebimus
1593 575 1792 623 causaS,
1835 577 1964 627 quae
2004 561 2099 612 hoc

229 661 432 712 quoque
484 663 512 697 a
551 646 643 697 deo
694 649 989 713 exegerunt.
1053 647 1257 698 interim
1306 647 1531 698 mundus
1574 664 1632 699 ex
1669 649 1816 700 bonis
1859 650 2097 703 omnibus

229 735 479 796 constitit,
521 734 649 785 satis
682 737 1111 800 praemonstrem,
1154 738 1405 800 quantum
1436 735 1557 787 boni
1593 744 1857 802 pararetur
1887 738 1982 801 illi,
2017 738 2099 790 cui

228 823 625 888 praeparabatur
671 822 770 874 hoc
815 824 1002 873 totum.
1075 823 1190 889 quis
1240 822 1461 890 denique
1510 824 1695 892 diguus
1741 826 1962 877 incolere
2017 827 2098 878 dei

228 926 380 975 opera
413 926 566 976 quam
606 911 774 976 ipsius
814 911 984 978 imago
1027 914 1078 962 et
1117 911 1442 963 similitudo?
1499 927 1610 963 eam
1651 929 1856 980 quoque
1894 914 2095 966 bonitas

227 1003 278 1050 et
322 999 528 1065 quidem
579 999 870 1066 operantior
916 1002 1125 1065 operata
1171 1003 1265 1061 est,
1321 1016 1419 1051 non
1473 1000 1730 1067 imperiali
1776 1003 1950 1065 uerbo,
2005 1004 2098 1054 sed

224 1073 465 1139 familiari
496 1103 669 1149 mann,
713 1088 865 1138 etiam
900 1088 1058 1138 uerbo
1091 1087 1387 1139 blandiente
1419 1090 1725 1154 praemisso:
1770 1090 1794 1140 f
1802 1092 2093 1143 aciamus

224 1177 546 1227 homin'em
597 1175 669 1227 ad
717 1176 1072 1242 imaginem
1121 1178 1182 1226 et
1222 1176 1743 1228 similitudinem
1783 1181 2091 1230 nostram.

223 1264 426 1316 bonitas
477 1264 625 1326 dixit3
674 1264 876 1315 bonitas
925 1263 1068 1315 finxit
1114 1264 1174 1314 de
1229 1264 1352 1315 limo
1401 1264 1450 1314 in
1505 1268 1698 1316 tantam
1747 1266 2093 1320 substantiam

223 1353 405 1414 carniS,
461 1369 519 1404 ex
565 1368 665 1404 una
710 1353 925 1403 materia
970 1354 1051 1403 tot
1099 1353 1439 1418 qualitatibus
1488 1357 1824 1415 exstructam,
1889 1356 2089 1408 bonitas

220 1441 422 1492 inflauit
452 1442 501 1491 in
536 1441 777 1502 animam,
812 1457 909 1492 non
942 1443 1216 1501 mortuam,
1252 1441 1342 1492 sed
1374 1441 1574 1502 uiuam,
1610 1442 1813 1495 bonitas
1846 1445 2093 1508 praefecit

221 1522 723 1581 uniuersis'fruendis
743 1534 896 1594 atque
922 1529 1211 1596 regnandis,
1239 1529 1395 1580 etiam
1422 1531 1867 1595 cognorninandis;
1887 1532 2089 1583 bonitas

220 1618 442 1685 amplius
491 1617 701 1669 delicias
750 1617 939 1668 adiecit
985 1617 1196 1681 homini,
1254 1620 1328 1680 ut,
1378 1634 1691 1684 quamquam
1739 1619 1901 1671 totius
1950 1620 2086 1671 orbis

217 1706 506 1772 possidens,
539 1707 589 1755 in
624 1705 1005 1756 amoenioribus
1045 1708 1343 1766 moraretur,
1377 1708 1661 1757 translatus
1701 1707 1752 1757 in
1792 1708 2089 1773 paradisum

216 1825 287 1830 -——
311 1795 411 1845 iarn
437 1797 563 1845 tunc
589 1793 649 1844 de
676 1793 863 1844 mundo
889 1795 940 1843 in
967 1793 1239 1845 ecclesiam
1258 1813 1350 1855 —-;
1381 1794 1560 1845 eadem
1583 1795 1783 1847 bonitas
1812 1798 1863 1846 et
1889 1796 2088 1847 adiuto-

217 1883 350 1933 rium
374 1874 651 1948 prospexit,
672 1899 732 1933 ne
759 1882 882 1948 quid
906 1898 1005 1933 non
1031 1883 1166 1934 boni.
1193 1899 1313 1934 non
1340 1898 1365 1933 e
1383 1886 1441 1934 st
1469 1884 1622 1945 enim,
1648 1884 1832 1949 inquit,
1850 1884 1878 1934 b
1896 1900 1923 1936 o
1943 1900 2019 1934 nu
2037 1901 2086 1935 m

219 1987 240 2021 s
259 1971 430 2022 olum
466 1987 528 2022 es
546 1987 610 2022 se
643 1971 674 2020 h
692 1971 983 2022 ominem.
1027 1970 1223 2022 sciebat
1246 1970 1324 2021 illi
1350 1987 1526 2022 sexum
1552 1971 1743 2022 Mariae
1770 1974 1821 2023 et
1847 1973 2085 2038 deinceps

218 2058 467 2110 ecclesiae
513 2059 861 2125 profuturum.
925 2058 1015 2109 sed
1069 2063 1118 2109 et
1166 2074 1319 2125 quam
1369 2060 1542 2126 arguis
1589 2059 1777 2126 legem,
1836 2077 1989 2126 quam
2035 2062 2084 2111 in

217 2149 593 2199 controuersias
625 2150 853 2212 torqueS,
886 2147 1091 2198 bonitas
1123 2148 1392 2214 irrogauit,
1428 2148 1701 2199 consulens
1735 2148 1947 2211 homini,
1984 2165 2084 2213 quo

216 2236 309 2287 deo
366 2236 677 2299 adhaereret,
731 2252 792 2287 ne
847 2252 945 2287 non
993 2239 1098 2287 tam
1148 2237 1277 2287 liber
1324 2252 1476 2301 quam.
1525 2237 1756 2287 abiectus
1805 2236 2083 2299 uideretur,

216 2324 514 2389 aequandus
562 2323 771 2374 famulis
821 2324 949 2384 suiS,
999 2323 1183 2375 ceteris
1225 2323 1548 2388 animalibuS,
1601 2318 1789 2375 solutis
1831 2340 1858 2375 a
1899 2324 1992 2377 deo
2034 2328 2085 2375 et

214 2428 271 2462 ex
302 2412 512 2463 fastidio
551 2412 746 2472 liberis,
789 2412 879 2463 sed
918 2414 976 2462 ut
1015 2413 1158 2463 solus
1199 2413 1352 2463 homo
1396 2412 1718 2478 gloriaretur,
1762 2412 1898 2478 quod
1940 2413 2082 2464 solus

214 2499 400 2566 dignus
432 2500 635 2562 fuisset,
679 2500 766 2566 qui
803 2501 971 2567 legem
1013 2516 1040 2550 a
1081 2500 1172 2551 deo
1216 2504 1459 2560 sumeret,
1501 2502 1661 2565 utque
1703 2501 1893 2551 animal
1931 2503 2082 2552 ratio-

214 2589 344 2652 nale,
406 2588 702 2639 intellectus
765 2591 816 2638 et
869 2588 1115 2639 scientiae
1179 2604 1350 2654 capax,
1413 2588 1526 2655 ipsa
1588 2604 1791 2653 quoque
1845 2589 2082 2639 libertate

213 2676 450 2728 rationali
499 2677 860 2740 contineretur,
910 2677 954 2727 ei
995 2677 1278 2739 subiectuS,
1330 2677 1412 2743 qui
1458 2676 1748 2728 subiecerat
1778 2676 1857 2727 illi
1898 2677 2081 2728 omnia.

141 2761 179 2813 C
213 2761 387 2834 {cuius
406 2764 536 2833 legis
553 2765 901 2817 obseruandae
921 2765 1195 2816 consilium
1217 2765 1416 2816 bonitas
1436 2765 1627 2831 pariter
1645 2765 1942 2832 adscripsit:
1963 2782 2040 2831 qu
2057 2780 2084 2815 a

358 2866 401 2920 9]
438 2864 491 2907 cf.
526 2864 631 2910 Gen.
677 2868 714 2917 1,
747 2865 814 2908 26.
954 2866 1024 2920 13]
1059 2866 1113 2908 cf.
1155 2865 1262 2909 Gen.
1305 2866 1342 2913 2,
1387 2867 1424 2909 7.
1579 2866 1649 2920 14]
1684 2864 1734 2908 cf.
1778 2864 1885 2908 Gen.
1927 2866 1966 2919 2,
2015 2866 2079 2908 19.

213 2938 282 2993 16]
317 2938 372 2980 cf.
406 2938 512 2983 Gen.
546 2940 584 2988 2,
619 2940 657 2982 8.
752 2940 823 2994 18]
861 2937 968 2982 Gen.
1003 2941 1041 2993 2,
1080 2939 1144 2981 18.
1236 2939 1310 2995 28]
1347 2939 1456 2984 Gen.
1488 2941 1528 2994 2,
1564 2941 1630 2981 17.

272 3013 323 3054 13
348 3013 392 3054 in
418 3013 607 3055 animam
623 3011 736 3062 MR,
763 3012 952 3054 animam
975 3012 1106 3065 Pam,
1131 3014 1175 3055 in
1195 3013 1358 3068 (eum)
1374 3013 1561 3055 animam
1586 3014 1681 3056 Iun
1760 3013 1810 3055 15
1837 3012 2009 3056 dilicias
2025 3013 2085 3055 M

212 3085 262 3136 17
294 3086 590 3139 parenthesin
627 3085 855 3129 indicauit
893 3086 1009 3141 Eny,
1050 3086 1128 3140 qm·
1166 3091 1205 3128 et
1250 3100 1364 3140 quae
1403 3087 1670 3129 antecedunt
1709 3086 1830 3140 (inde
1870 3100 1898 3128 a
1946 3087 1974 3130 l.
2012 3090 2080 3139 11)

206 3159 370 3201 rectius
401 3158 609 3202 distinxit
697 3160 748 3202 21
784 3159 1001 3214 irrogauit
1024 3158 1151 3213 Eny:
1187 3160 1389 3214 erogauit
1413 3159 1525 3213 MR,
1558 3160 1734 3214 rogauit
1772 3158 1982 3202 Oehlerus
2014 3160 2080 3212 (in

207 3239 360 3291 notis),
379 3240 599 3282 eructauit
614 3238 757 3282 Henr.
774 3239 936 3294 Hoppe
1011 3239 1066 3281 23
1085 3225 1311 3282 ceterissM
1323 3241 1361 3296 (s
1378 3254 1412 3283 3.
1429 3255 1473 3282 u.
1495 3254 1523 3281 a
1538 3254 1594 3282 m.
1612 3240 1651 3293 1)
1720 3239 1775 3281 24
1792 3239 1973 3295 fastigio
1994 3239 2080 3284 Gel

210 3313 264 3355 25
290 3326 314 3354 a
331 3326 412 3355 om.
430 3312 479 3355 F
547 3313 779 3367 rationale,
804 3312 1059 3354 intellectus
1076 3312 1154 3363 R3,
1178 3313 1431 3355 intellectus
1457 3313 1671 3356 rationale
1689 3312 1808 3356 MR1
1867 3313 1922 3355 28
1938 3313 2078 3356 uerba

209 3386 330 3428 cuius
350 3384 724 3440 legis-obsequii
740 3385 962 3428 secundae
978 3385 1190 3428 editionis
1206 3399 1295 3428 esse
1302 3391 1430 3440 puto,
1447 3400 1543 3429 curn
1560 3400 1674 3440 quae
1685 3389 1748 3428 33
1755 3389 1793 3434 9,
1807 3389 1836 3428 3
1848 3385 2075 3441 leyuntur:

205 3472 333 3513 porro
366 3459 402 3500 si
433 3471 522 3513 sqq.
556 3464 677 3501 arcte
707 3472 751 3501 se
783 3459 1009 3513 applicent
1034 3459 1097 3501 ad
1118 3473 1186 3513 ea,
1219 3471 1332 3513 quae
1359 3460 1654 3514 proferuntur
1686 3460 1794 3510 338,
1828 3460 2020 3502 20—27

2127 1195 2167 1225 10

2124 1631 2163 1664 15

2115 2075 2157 2106 20
