2340 3658
318 179 420 229 584
683 176 869 227 Quinti
902 176 1131 232 Septimi
1162 176 1437 220 Florentis
1470 176 1801 220 Tertulliani

315 336 742 388 Ecclesiasticus:
776 340 1033 402 tempuS‚
1066 336 1250 403 inquit,
1285 337 1442 388 omni
1474 337 1575 388 rei.
1692 335 1791 389 Sed
1825 339 1875 388 et
1906 338 2068 400 mihi,
2101 339 2171 388 fa-

315 425 456 476 mulo
477 424 735 486 creatoriS,
755 424 1011 475 mundus
1040 424 1376 475 crucifixus
1405 427 1512 487 est,
1533 440 1630 476 non
1649 429 1816 476 tamen
1838 424 1961 475 deus
1980 425 2171 488 mundi,

319 514 376 562 et
417 528 524 579 ego
565 511 799 576 mundo,
841 527 934 562 non
975 514 1145 562 tamen
1188 512 1280 563 deo
1322 512 1514 565 mundi.
1556 512 1804 562 mundum
1846 513 1978 564 enim
2021 528 2172 578 quan-

316 602 427 649 tum
469 599 530 650 ad
578 599 1019 651 conuersationem
1071 599 1181 650 eius
1236 600 1427 666 posuit,
1484 600 1565 650 cui
1612 601 1946 651 renuntiando
1994 603 2172 651 mutuo

315 685 667 753 transfigimur
707 688 757 737 et
793 686 1015 737 inuicem
1053 686 1315 737 morimur.
1352 684 1724 755 [persecutores
1757 690 1909 738 uocat
1949 686 2171 756 Christi]
2223 699 2243 731 5

317 790 433 825 cum
490 789 611 825 uero
667 774 824 825 adicit
869 775 1115 841 stigmata.
1163 773 1353 825 Christi
1392 773 1442 824 in
1490 789 1697 839 corpore
1746 790 1837 825 suo
1880 777 2078 841 gestare
2120 791 2172 826 se

318 892 385 897 —-
425 860 601 927 utique
650 862 929 927 corporalia
985 861 1288 926 compedum
1329 892 1396 896 —
1435 861 1535 912 iam
1583 877 1679 912 non
1728 863 2035 927 putatiuam,
2086 863 2175 914 sed

315 964 491 1000 ueram
532 952 582 999 et
615 949 830 1000 solidam
865 964 1063 1000 carnem
1095 949 1359 1014 professus
1395 952 1474 999 est
1506 948 1712 1009 Christi,
1754 950 1900 1000 cuius
1934 950 2178 1017 stigmata

318 1037 598 1102 corporalia
638 1037 875 1088 ostendit.

43 1146 119 1189 Ad
147 1146 298 1189 Corin·
391 1127 436 1175 5.
511 1124 859 1175 Praestructio
938 1124 1215 1189 superioris
1294 1124 1538 1190 epistolae
1606 1125 1679 1175 ita
1747 1125 1906 1186 duxit,
1983 1128 2048 1183 ut,
2118 1126 2175 1177 de
2211 1140 2249 1170 ¹0

28 1205 469 1263 thiosprimaffitulo
518 1212 627 1263 eius
676 1227 772 1262 non
820 1212 1220 1272 retractauerim,
1270 1216 1438 1262 certus
1487 1213 1538 1262 et
1584 1211 1703 1263 alibi
1741 1213 2006 1263 retractari
2061 1228 2175 1264 eum

317 1315 487 1367 posse,
542 1315 863 1350 communem
916 1300 1113 1350 scilicet
1161 1302 1211 1349 et
1265 1299 1478 1350 eundem
1528 1299 1577 1349 in
1634 1300 1871 1365 epistulis
1922 1300 2175 1351 omnibus.

319 1387 454 1452 quod
494 1404 589 1439 non
632 1388 810 1453 utique
860 1389 1077 1438 salutem
1127 1387 1430 1452 praescribit
1478 1386 1568 1448 eiS‚
1617 1387 1803 1453 quibus
1853 1389 2046 1450 scribit,
2089 1389 2176 1439 sed

318 1476 534 1542 gratiam
583 1478 633 1525 et
677 1490 871 1541 pacem,
928 1491 1024 1525 non
1073 1474 1208 1524 dico:
1266 1474 1387 1539 quid
1441 1473 1518 1523 illi
1575 1489 1691 1525 cum
1744 1475 1954 1526 Iudaico
2011 1476 2177 1526 adhuc

318 1579 473 1626 more,
515 1563 823 1614 destructori
861 1562 1143 1613 Iudaismi?
1201 1594 1267 1598 ——
1322 1578 1437 1613 nam
1487 1566 1536 1612 ct
1583 1562 1732 1613 hodie
1780 1563 1955 1614 Iudaei
2002 1564 2051 1615 in
2093 1579 2175 1629 pa·
2213 1578 2248 1606 ¹5

320 1651 391 1701 cis
433 1650 633 1701 nomine
673 1651 933 1716 appellant
972 1656 1022 1701 et
1058 1653 1191 1700 retro
1233 1650 1281 1700 in
1332 1650 1599 1715 scripturis
1649 1650 1722 1700 sic
1771 1650 2063 1701 salutabant
2111 1682 2177 1686 -—

321 1738 409 1788 sed
447 1738 691 1805 intellego
732 1739 879 1788 illum
921 1738 1205 1788 defendisse
1247 1737 1413 1788 officio
1457 1753 1548 1787 suo
1582 1737 2012 1803 praedicationem
2048 1754 2177 1789 crea-

319 1826 468 1877 toris:
512 1842 684 1892 quam
725 1826 949 1877 maturi
981 1826 1165 1891 pedes
1201 1825 1761 1892 enangelizantium
1797 1825 1961 1886 bona,
2007 1843 2175 1877 euan-

321 1914 721 1981 gelizantium
777 1929 995 1980 pacem.
1058 1913 1441 1979 euangelizatur
1495 1912 1627 1962 enim
1683 1914 1947 1974 bonorum,
1996 1914 2047 1964 id
2102 1915 2180 1966 est

321 2002 513 2068 gratiae
554 2001 633 2052 dei
678 2017 874 2067 pacem,
923 2017 1074 2067 quam
1114 1999 1493 2067 praeferendam
1551 2000 1760 2051 sciebat.
1809 2001 1933 2052 haec
1982 2017 2096 2052 cum
2153 2018 2180 2053 a
2210 2014 2250 2046 20

323 2089 414 2140 deo
442 2092 582 2155 patre
609 2091 780 2140 nostro
816 2092 866 2141 et
899 2089 1102 2140 domino
1136 2089 1252 2139 Iesu
1285 2088 1592 2139 adnuntians
1628 2089 1986 2140 communibus
2020 2089 2179 2141 nomi-

318 2175 469 2227 nibus
524 2179 701 2228 utatur
754 2177 1165 2243 competentibus
1221 2179 1394 2227 nostro
1444 2191 1644 2241 quoque
1693 2179 2026 2238 sacramen-to,
2081 2192 2178 2227 non

320 2266 444 2330 puto
486 2264 668 2329 dispici
708 2280 874 2331 posse,
925 2265 1039 2330 quis
1080 2264 1204 2315 deus
1246 2265 1388 2330 pater
1435 2265 1486 2314 et
1526 2263 1763 2314 dominus
1801 2265 1948 2314 Iesus
1987 2263 2180 2330 praedi-

323 2356 464 2402 cetur
495 2352 594 2403 nisi
629 2368 685 2403 ex
718 2352 1086 2414 accidentibus
1121 2352 1203 2403 cui
1234 2352 1399 2418 magis
1433 2355 1738 2418 competant.
1777 2352 1940 2418 primo
1976 2352 2179 2417 quidem

471 2524 508 2579 1]
541 2522 658 2565 Eccl.
691 2524 730 2573 3,
767 2524 831 2565 17.
925 2522 1019 2565 Gal.
1054 2523 1091 2573 6,
1119 2523 1185 2566 14.
1248 2522 1291 2576 6]
1328 2520 1500 2564 cf.Ga1.
1528 2521 1567 2572 6,
1596 2522 1662 2563 17.
1727 2523 1795 2577 14]
1826 2522 1878 2564 cf.
1902 2523 1923 2565 Ι
1949 2523 2043 2566 Cor.
2073 2524 2109 2577 1,
2136 2525 2175 2566 3.

324 2597 392 2651 18]
427 2597 548 2640 Rom.
575 2597 639 2650 10,
667 2596 732 2638 15.
760 2596 812 2638 cf.
839 2596 908 2638 Es.
942 2597 1011 2649 52,
1045 2597 1081 2638 7.
1174 2596 1244 2650 20]
1271 2594 1324 2638 cf.
1356 2594 1469 2637 Phil.
1501 2596 1540 2646 4,
1577 2595 1614 2638 7.
1736 2596 1789 2639 cf.
1822 2596 1843 2638 Ι
1877 2595 1973 2641 Cor.
2009 2597 2045 2649 1,
2079 2598 2117 2639 3.

384 2716 400 2756 1
438 2714 727 2757 Ecclesiastes
760 2713 875 2754 Pam
996 2714 1110 2755 omni
1142 2713 1209 2765 M,
1243 2712 1326 2754 erit
1358 2713 1474 2754 omni
1505 2713 1700 2768 Ruulyo
1826 2714 1946 2765 mihi,
1978 2714 2180 2771 <inquit>

312 2789 425 2842 fort.
517 2787 541 2829 2
574 2785 724 2827 mundi
756 2785 887 2839 111113,
920 2785 1080 2827 mundo
1114 2785 1172 2828 R¹
1273 2786 1296 2826 5
1328 2787 1629 2839 persecutores
1661 2788 1790 2827 uocat
1823 2785 1986 2830 Christi
2023 2788 2182 2830 seclusi

323 2865 347 2906 6
367 2862 577 2917 stigmata
593 2860 669 2912 Rss,
696 2861 871 2914 signata
889 2858 1006 2902 MR¹
1068 2860 1089 2900 7
1111 2857 1365 2913 compedum
1382 2859 1564 2912 scripsi:
1580 2861 1834 2914 competunt
1849 2860 1949 2904 MR
2011 2860 2062 2903 10
2079 2860 2177 2903 ΕΧ-

321 2934 514 2977 PLICIT
546 2934 623 2975 AD
660 2932 941 2982 GALATAs;
986 2930 1204 2973 INCIPIT
1242 2930 1320 2972 AD
1363 2929 1722 2974 CORINTHIOS
1755 2931 1776 2972 Ι
1808 2931 1873 2985 M,
1907 2931 1958 2975 de
1992 2934 2180 2988 epistula

324 3007 377 3050 ad
410 3007 647 3050 corinthios
678 3007 818 3062 prima
848 3005 941 3048 RF
1058 3006 1108 3046 12
1133 3005 1198 3045 x-in
1235 3007 1304 3055 (ex
1335 3018 1374 3044 in
1411 3018 1438 3045 a
1471 3017 1524 3046 m.
1558 3006 1596 3057 1)
1628 3004 1688 3045 M
1814 3006 2027 3056 omnibus,
2064 2999 2179 3061 quod

322 3082 455 3136 uulyo
519 3082 570 3122 14
603 3093 766 3135 pacem.
800 3093 884 3120 non
918 3079 1052 3133 uulgo
1117 3079 1166 3121 15
1200 3077 1461 3119 destructori
1485 3077 1541 3127 R,
1577 3076 1849 3120 destructore
1882 3079 1985 3121 MF
2089 3095 2177 3135 pa-

321 3155 544 3197 renthesin
575 3153 782 3195 indicaui
889 3153 939 3195 16
972 3151 1237 3193 salutabant.
1272 3151 1347 3192 sed
1379 3151 1514 3205 uulyo
1609 3152 1659 3193 19
1695 3152 2023 3207 euangelizatur
2052 3153 2178 3207 Em).-

325 3227 650 3281 euangelizator
681 3226 779 3269 MR
900 3225 953 3267 20
986 3238 1138 3280 pacem
1172 3238 1297 3278 quam
1330 3222 1461 3274 MR¹‚
1496 3223 1592 3278 paci
1625 3238 1716 3266 eam
1750 3223 1814 3267 Rss
1945 3225 2052 3268 haec
2082 3227 2174 3269 scil.

320 3301 515 3355 qratiam
547 3304 585 3342 ct
608 3313 764 3354 pace-m
798 3299 871 3353 (cf.
903 3311 1043 3351 supra
1078 3297 1104 3339 l.
1137 3299 1209 3349 14.)
1285 3297 1338 3339 23
1373 3296 1528 3351 dispici
1559 3295 1616 3351 R,
1652 3296 1816 3352 despici
1848 3298 1906 3339 M
1978 3299 2032 3340 24
2065 3300 2175 3341 acci-

325 3372 529 3414 dentibus
562 3372 627 3421 M,
662 3372 971 3414 accedentibus
1003 3369 1046 3413 R
