2248 3646
134 1210 171 1238 10

135 1633 172 1662 15

133 2054 172 2085 20

578 267 673 308 VII.
705 266 964 308 Aduersus
995 263 1306 305 Marcionem
1336 260 1410 302 lib.
1441 259 1478 300 V
1509 259 1631 300 2—3.
1902 259 2000 307 575

201 430 264 476 ut
302 441 406 476 nos
447 424 798 488 subigerent
838 419 1142 479 seruituti,
1173 419 1206 478 †
1238 431 1338 466 nee
1371 416 1436 464 ad
1475 416 1670 464 horam
1713 414 2002 463 cessimus

204 509 586 561 subiectioni.
625 506 938 556 intendamus
980 504 1107 552 enim
1148 505 1197 551 et
1235 501 1403 551 sensui
1440 500 1537 563 ipsi
1575 502 1623 548 et
1662 514 1840 548 causae
1880 497 2003 556 eius

203 599 252 645 et
305 592 561 659 apparebit
612 591 809 640 uitiatio
863 590 1152 653 scripturae.
1215 601 1325 635 cum
1384 584 1683 649 praemittit:
1745 583 1843 632 sed
1903 596 2003 631 nec

203 681 388 739 Titus,
444 678 540 742 qui
593 690 816 725 mecum
864 676 1003 732 erat,
1059 687 1184 721 cum
1233 674 1393 719 esset
1432 669 1705 728 Graecus,
1761 671 2004 717 coactus

205 767 294 814 est
333 760 699 819 circumcidi,
749 759 924 807 dehinc
965 756 1247 821 subiungit:
1296 756 1533 818 propter
1574 752 2005 818 superinducti-

204 849 327 898 cios
366 847 552 896 falsos
601 846 817 894 fratres
864 846 913 892 et
949 843 1155 906 reliqua,
1197 840 1429 890 contrarii
1466 839 1638 902 utique
1676 837 1795 887 facti
1831 837 2008 901 incipit

201 933 402 984 reddere
453 931 711 990 rationem,
767 927 1031 978 ostendens
1085 929 1286 991 propter
1339 924 1456 989 quid
1508 923 1682 973 fecerit
1734 922 1867 986 quod
1918 937 2006 972 nec

200 1019 419 1077 fecisset,
474 1014 582 1083 [nec
637 1010 957 1080 ostendisset]
1014 1011 1056 1062 si
1107 1010 1249 1071 illud,
1303 1011 1503 1074 propter
1548 1009 1681 1072 quod
1725 1007 1858 1066 fecit,
1913 1022 2007 1057 non

202 1102 479 1153 accidisset.
523 1100 734 1163 denique
774 1098 908 1147 dicas
948 1097 1117 1156 uelim,
1158 1096 1200 1145 si
1237 1110 1332 1145 non
1374 1093 1761 1143 subintroissent
1791 1091 1905 1142 falsi
1934 1092 2008 1141 illi

199 1188 377 1237 fratres
417 1185 478 1235 ad
524 1183 872 1249 speculandam
913 1182 1198 1231 libertatem
1237 1195 1426 1240 eorum,
1467 1178 1737 1228 cessissent
1776 1177 2008 1227 subiecti-

204 1273 316 1322 oni‘?
370 1287 465 1321 non
513 1270 698 1334 opinor.
756 1283 871 1333 ergo
920 1269 1188 1325 cesserunt,
1244 1266 1359 1328 quia
1402 1265 1603 1314 fuerunt
1646 1266 1845 1327 propter
1884 1277 2007 1325 quos

204 1356 475 1406 cederetur.
516 1355 610 1405 hoc
649 1353 778 1403 enim
810 1352 921 1402 rudi
959 1351 1074 1400 fidei
1114 1354 1162 1399 et
1200 1350 1361 1399 adhue
1401 1349 1459 1398 de
1497 1349 1623 1415 legis
1664 1346 2007 1397 obseruatione

204 1456 473 1505 suspensae
527 1439 857 1502 competebat,
914 1438 1020 1500 ipso
1076 1451 1272 1500 quoque
1326 1435 1552 1500 apostolo
1599 1448 1657 1483 ne
1703 1434 1752 1482 in
1790 1447 2007 1482 uacuum

205 1526 508 1576 cucurrisset
548 1527 633 1574 aut
673 1525 889 1573 curreret
928 1527 1176 1586 suspecte.
1215 1521 1385 1584 itaque
1423 1518 1696 1569 frustra-ndi
1729 1520 1867 1567 erant
1897 1516 2008 1566 falsi

204 1613 394 1671 fratreS,
451 1609 766 1672 speculantes
812 1607 1094 1656 libertatem
1144 1604 1490 1665 Christianam,
1536 1620 1595 1654 ne
1641 1606 1752 1652 ante
1801 1618 1906 1651 eam
1960 1602 2007 1650 in

201 1696 498 1746 seruitutem
525 1694 826 1743 abducerent
849 1691 1092 1742 Iudaismi
1118 1706 1265 1754 quam
1299 1690 1447 1740 sciret
1482 1705 1532 1739 se
1564 1689 1752 1738 Paulus
1785 1702 1879 1736 non
1911 1686 2008 1751 <in>

202 1796 415 1830 uacuum
443 1779 736 1838 cucurrisse,
770 1793 918 1841 quam
946 1777 1170 1826 dexteras
1197 1776 1239 1825 ei
1266 1775 1438 1825 darent
1470 1777 1825 1833 antecessoreS,
1861 1787 2007 1836 quam

203 1882 257 1915 ex
295 1865 588 1929 c(ons>ensu
634 1879 804 1912 eorum
847 1863 895 1911 in
943 1862 1166 1911 nationes
1211 1859 1527 1925 praedicandi
1571 1875 1752 1909 munus
1801 1858 2006 1909 subiret.

200 1951 477 2000 necessario
509 1949 664 2014 igitur
696 1948 848 1998 cessit
879 1947 939 1997 ad
969 1949 1186 2010 tempus,
1221 1950 1270 1995 et
1301 1946 1372 1995 sic
1406 1946 1450 1995 ei
1473 1945 1597 1995 ratio
1625 1946 1820 1994 constat
1845 1944 2006 1992 Timo-

203 2037 375 2085 theum
415 2032 801 2084 circumcidendi
841 2035 889 2082 et
926 2047 1063 2082 rasos
1101 2030 1449 2081 introducendi
1485 2032 1531 2080 in
1580 2030 1838 2095 templum,
1885 2042 2007 2091 quae

202 2121 250 2169 in
289 2120 430 2170 Actis
470 2119 697 2177 eduntur,
745 2118 866 2167 adeo
906 2133 1038 2180 uera,
1085 2119 1142 2166 ut
1187 2116 1412 2181 apostolo
1454 2118 1723 2166 consonent
1759 2115 2008 2179 profitenti

201 2207 388 2254 factum
444 2219 496 2254 se
541 2203 740 2252 Iudaeis
786 2203 1043 2262 Iudaeum,
1097 2206 1154 2251 ut
1197 2202 1407 2251 Iudaeos
1445 2201 1773 2261 lucrifaceret,
1828 2204 1877 2249 et
1915 2200 2005 2250 sub

203 2290 314 2354 lege
355 2291 584 2354 agentem
615 2290 815 2352 propter
846 2302 947 2347 θος,
988 2286 1072 2350 qui
1104 2286 1195 2335 sub
1226 2286 1337 2351 lege
1370 2289 1586 2352 agerent,
1627 2287 1697 2334 sic
1730 2289 1779 2335 et
1809 2287 2008 2349 propter

343 2386 384 2439 3]
419 2385 513 2427 Gai.
544 2385 583 2436 2,
616 2385 652 2425 3.
765 2385 829 2437 is]
865 2384 915 2425 ef.
950 2383 1042 2425 Gai.
1075 2384 1114 2433 2,
1147 2385 1184 2425 9.
1297 2384 1362 2437 19]
1397 2384 1448 2425 cf.
1483 2384 1575 2427 Act.
1609 2384 1672 2435 ie,
1705 2384 1741 2426 3,
1852 2382 1919 2435 20]
1955 2381 2005 2421 cf.

204 2457 297 2497 Act.
329 2456 394 2505 21,
427 2456 493 2499 26.
582 2457 649 2510 22]
685 2455 734 2496 cf.
766 2455 787 2496 Ι
820 2454 912 2497 Cor.
945 2458 982 2507 9,
1015 2455 1080 2498 20.

263 2541 281 2581 1
303 2554 353 2581 ex
371 2540 431 2582 eis
445 2554 554 2594 qaae
569 2540 801 2582 succedunt
817 2541 887 2592 (ef.
901 2541 927 2581 Z.
943 2542 1097 2593 6—122)
1113 2545 1292 2592 apparet
1309 2540 1627 2581 Tertullianum
1642 2540 1690 2579 in
1705 2552 1782 2580 suo
1801 2539 2008 2591 apostoli-

205 2625 279 2654 eae
309 2612 514 2664 epistolae
544 2612 781 2665 exemplari
812 2612 974 2664 lepisse:
1008 2611 1059 2651 ad
1084 2612 1229 2652 horam
1255 2612 1475 2660 cessimus3
1500 2611 1718 2651 iudicauit-
1740 2611 1873 2664 iyz'tm
1895 2610 2009 2650 illuc]

204 2695 281 2723 nec
307 2685 407 2722 ante
431 2681 483 2720 ad
507 2681 652 2721 horam
678 2694 703 2721 a
727 2681 960 2722 Marcione
991 2694 1075 2721 esse
1103 2681 1425 2732 interpolatum.
1458 2694 1569 2733 quae
1600 2685 1740 2721 autem
1773 2681 1877 2721 dicit
1902 2681 1926 2720 Ζ.
1954 2683 2005 2718 3':

207 2755 248 2791 et
278 2752 501 2805 apparebit
531 2752 701 2792 uitiatio
736 2753 970 2805 scripturae
1003 2751 1298 2793 demonstrant
1330 2756 1546 2792 auctorem
1576 2752 1624 2792 in
1664 2751 2009 2792 antecedentibus

206 2820 377 2873 dixisse,
403 2822 612 2874 quomodo
645 2823 832 2875 apostoli
860 2822 994 2863 uerba
1019 2836 1043 2862 a
1067 2822 1296 2863 Mareiooee
1325 2823 1413 2863 sint
1443 2822 1702 2875 deprauata.
1735 2821 2007 2875 quamobrem

204 2893 265 2932 sic
278 2893 407 2933 uelim
422 2893 614 2934 restitui:
635 2893 844 2943 seruituti,
861 2892 946 2945 <ad
970 2893 1117 2933 horam
1141 2893 1341 2934 cessimus
1366 2893 1633 2942 subiectioni,
1652 2907 1749 2945 non,
1774 2895 1821 2933 ut
1844 2891 2009 2933 mauult

203 2962 443 3016 Marcion:>
472 2977 548 3005 nec
580 2963 632 3004 ad
662 2964 808 3005 horam
839 2978 924 3017 sqq.
985 2967 1009 3005 ὃ
1040 2978 1118 3005 nec
1149 2963 1408 3005 ostendisset
1437 2965 1591 3006 seclusi
1651 2965 1701 3006 10
1726 2964 2007 3005 cessissent-—

202 3035 318 3086 <ne>
345 3033 633 3074 subiectioni‘?
667 3034 814 3087 opinor
853 3034 935 3075 Urs
1009 3035 1059 3075 12
1092 3033 1311 3075 cederetur
1335 3035 1393 3075 M
1419 3036 1483 3085 (in
1512 3048 1598 3076 ras.
1633 3049 1660 3075 a
1690 3048 1742 3077 m.
1775 3036 1813 3085 1)
1836 3034 1888 3086 B,
1921 3047 2006 3074 cre-

207 3103 377 3144 deretur
412 3103 614 3145 Oehlerus
675 3105 724 3145 13
756 3106 797 3144 in
830 3118 909 3145 om.
936 3104 995 3145 1131
1055 3106 1105 3146 15
1135 3103 1379 3146 libertatem
1403 3105 1474 3155 I1’3,
1506 3106 1730 3146 ueritatem
1755 3104 1870 3146 ΜΗ1
1957 3118 2007 3144 ne

207 3177 302 3215 ante
326 3174 378 3224 R,
411 3179 594 3228 negante
618 3175 676 3215 M
738 3176 788 3216 16
815 3176 943 3216 sciret
966 3188 1009 3216 se
1042 3175 1194 3229 paulus
1218 3175 1282 3228 M,
1308 3176 1466 3216 Paulus
1492 3190 1535 3216 se
1560 3177 1687 3216 sciret
1710 3176 1751 3216 J?
1837 3177 1880 3216 in
1906 3175 2006 3216 add.

206 3244 276 3293 12²3,
299 3258 378 3286 om.
396 3245 508 3286 MR*
569 3247 618 3287 18
637 3258 841 3287 consensu
857 3247 1032 3299 scripsi.-
1054 3259 1179 3287 censu
1198 3250 1265 3299 (ex
1281 3251 1429 3287 esensu
1447 3250 1602 3296 ortum)
1621 3246 1716 3287 MR
1823 3245 2008 3286 *subiret

206 3315 263 3355 M
291 3319 326 3365 (s
358 3317 405 3356 in
434 3329 522 3358 ras.
555 3331 582 3357 α
612 3330 665 3358 m.
697 3318 737 3363 1)
767 3317 821 3366 R,
856 3317 994 3358 obiret
1022 3317 1114 3358 Lat
1256 3317 1539 3358 necessarium
1572 3317 1626 3356 H1
1752 3317 1801 3357 19
1834 3316 2009 3357 cessitat

207 3389 373 3440 tempus
404 3386 458 3427 Η*
549 3387 599 3428 21
635 3387 816 3428 eduntur
844 3388 1021 3441 scripsi:
1057 3388 1293 3429 educuntur
1322 3387 1448 3436 Mle,
1482 3387 1704 3429 edicuntur
1734 3387 1792 3429 11¹3
1808 3389 1938 3443 mclyo
