2248 3646
204 186 322 235 270
602 181 792 234 Quinti
827 181 1053 236 Septimi
1085 181 1365 223 Florentis
1397 181 1732 224 Tertulliani

219 346 312 394 est
365 342 664 402 omnibUS‚
715 343 772 392 et
829 356 938 406 ego
996 342 1054 390 et
1106 342 1279 405 pater
1339 351 1518 392 unum
1575 357 1798 392 sumus,
1844 342 1928 393 hie
1970 359 2088 409 ergo

215 431 316 481 iam
361 429 576 497 gradum
618 430 803 479 uolunt
833 427 990 494 figere
1026 427 1192 483 stulti,
1232 428 1391 479 immo
1427 428 1580 491 caeci,
1623 429 1710 494 qui
1742 444 1840 480 non
1878 429 2091 481 uideant

214 518 380 584 primo
429 519 540 584 ‘ego
598 528 648 567 et
700 518 861 581 pater'
914 515 1132 566 duorum
1175 530 1287 565 esse
1330 514 1777 582 significationem,
1819 516 2001 568 dehine
2039 518 2089 569 in

215 605 499 658 nouissimo
542 609 759 655 ‘sumus'
800 619 899 654 non
940 619 997 653 ex
1036 602 1191 653 unius
1228 618 1342 653 esse
1373 618 1604 669 persona,
1648 604 1784 670 quod
1822 604 2090 670 pluraliter

216 694 413 745 dietum
463 696 558 754 est,
622 695 762 753 tune,
828 691 964 756 quod
1011 696 1189 741 ‘unum
1244 696 1462 752 sumus'‚
1516 707 1614 742 non
1676 693 1825 743 ‘unus
1888 700 2087 745 sumus‘
2142 713 2163 744 5

214 782 405 848 (dicit.)
455 782 499 832 si
547 781 681 832 enim
737 780 974 831 dixisset:
1039 783 1189 829 ‘unus
1247 785 1463 842 sumus'‚
1525 780 1787 846 potuisset
1847 780 2090 832 adiuuare

215 870 522 923 sententiam
564 869 799 927 illorum3
847 884 979 919 unus
1024 867 1159 917 enim
1206 867 1485 934 singularis
1532 868 1731 918 numeri
1779 868 2086 936 significatio

215 959 437 1010 uidetur.
488 958 672 1018 adhue,
723 972 841 1007 eum
882 955 982 1007 duo
1031 954 1306 1007 masculini
1357 955 1555 1022 generis
1603 972 1762 1006 unum
1805 955 1932 1007 dicit
1969 973 2086 1007 neu-

213 1047 329 1098 trali
369 1046 545 1108 uerb0‚
589 1045 726 1112 quod
766 1061 864 1095 non
903 1044 1125 1110 pertinet
1164 1044 1227 1093 ad
1267 1043 1697 1110 singularitatem,
1747 1044 1837 1094 sed
1878 1044 1941 1094 ad
1980 1046 2088 1095 uni-

210 1139 389 1197 tatem,
444 1135 508 1186 ad
569 1133 981 1194 similitudinem,
1045 1132 1106 1182 ad
1163 1132 1590 1195 coniunctionem,
1643 1132 1707 1182 ad
1761 1132 2086 1184 dilectionem
2121 1154 2161 1184 10

212 1224 389 1291 patrm,
431 1223 519 1289 qui
558 1223 724 1272 filium
766 1221 954 1288 diligit,
998 1223 1047 1271 et
1087 1221 1150 1271 ad
1191 1221 1499 1285 obsequium
1539 1220 1650 1282 filii,
1701 1224 1788 1286 qui
1827 1221 2086 1272 uoluntati

212 1313 372 1378 patris
400 1312 723 1376 obsequitur,
758 1326 939 1360 unum
973 1325 1180 1360 sumus
1208 1308 1382 1359 dicens
1418 1324 1525 1375 ego
1565 1311 1624 1359 et
1654 1311 1827 1374 pater
1860 1310 2087 1361 ostendit

214 1400 342 1451 duos
384 1415 514 1461 esse,
558 1414 687 1464 quos
729 1398 917 1463 aequat
957 1398 1008 1448 et
1045 1396 1229 1462 iungit.
1280 1396 1405 1447 adeo
1447 1396 1591 1446 addit
1631 1397 1786 1447 etiam
1825 1398 1990 1448 multa
2031 1415 2084 1448 se

213 1503 366 1553 opera
419 1503 448 1537 a
501 1490 645 1553 patre
702 1485 1009 1547 ostendisse,
1065 1500 1283 1549 quorum
1339 1483 1467 1534 nihil
1518 1484 1735 1551 lapidari
1788 1487 2083 1547 mereretur,

213 1578 264 1627 et
304 1591 364 1625 ne
411 1577 653 1641 putarent
697 1574 813 1624 ideo
856 1589 910 1623 se
950 1572 1100 1623 illum
1139 1572 1368 1638 lapidare
1409 1573 1608 1633 debere,
1652 1572 1799 1638 quasi
1838 1588 1892 1623 se
1933 1572 2081 1624 deum
2116 1592 2155 1623 15

211 1665 401 1729 ipsum,
443 1663 496 1713 id
537 1665 617 1714 est
664 1665 880 1729 patrem,
928 1661 1188 1712 uoluisset
1233 1661 1484 1728 intellegi,
1534 1660 1654 1727 quia
1701 1660 1916 1712 dixerat:
1973 1677 2080 1728 ego

212 1755 270 1802 et
330 1754 505 1818 pater
567 1767 747 1801 unum
813 1765 1039 1811 sumus,
1091 1765 1193 1814 qua
1238 1747 1403 1799 filium
1452 1749 1534 1800 dei
1590 1749 1742 1800 deum
1791 1748 2080 1800 ostendens

211 1855 309 1890 non
362 1855 462 1904 qua
501 1839 676 1904 ipsum
718 1838 888 1899 deum,
938 1837 991 1888 si
1031 1837 1093 1887 in
1133 1837 1299 1903 lege,
1345 1836 1531 1901 inquit,
1582 1836 1910 1901 seriptum
1952 1842 2078 1887 est:

211 1943 326 1995 ego
390 1927 542 1988 dixi,
599 1942 715 1978 uos
771 1926 866 1977 dii
921 1925 1101 1987 estiS‚
1154 1943 1276 1979 με*
1332 1926 1392 1975 61
1445 1940 1566 1976 non
1621 1927 1850 1992 potest
1906 1925 2083 1976 solui

210 2015 567 2081 scriptura,
624 2030 808 2081 quem
864 2017 1051 2082 patei·
1114 2013 1597 2065 sanetificauit
1658 2014 1719 2063 et
1779 2012 1967 2063 misit
2019 2013 2080 2062 in
2111 2033 2152 2063 20

208 2103 510 2154 mundum
565 2118 681 2153 uos
732 2118 872 2152 eum
911 2101 1379 2167 blasphemare
1421 2100 1675 2162 dicitis,
1724 2099 1876 2166 quia
1916 2100 2080 2151 dixe-

206 2192 322 2244 rit:
365 2192 564 2242 filius
606 2191 709 2243 dei
749 2193 926 2243 sum?
970 2190 1182 2241 sinon
1231 2190 1405 2241 facio
1448 2204 1648 2255 opera
1685 2188 1898 2255 patris
1939 2189 2077 2250 mei,

208 2280 418 2332 nolite
460 2280 751 2339 eredere;
802 2279 857 2330 si
903 2293 1054 2329 uero
1102 2278 1273 2330 facio
1323 2282 1383 2329 et
1427 2276 1587 2327 mihi
1637 2276 1907 2327 credere
1958 2292 2078 2327 non

207 2368 429 2430 uultis,
483 2368 584 2418 uel
638 2369 890 2433 propter
947 2382 1126 2432 opera
1180 2365 1437 2427 eredite;
1495 2367 1554 2416 et
1609 2364 1855 2424 scitote,
1920 2365 2079 2430 quod

209 2471 317 2522 ego
373 2456 429 2506 in
479 2459 652 2522 patre
713 2454 824 2506 sim
877 2456 936 2506 et
979 2458 1152 2521 pater
1198 2454 1256 2505 in
1310 2463 1413 2504 me.
1461 2468 1550 2518 per
1602 2468 1756 2518 opera
1810 2467 1928 2519 ergo
1985 2452 2080 2503 erit
2110 2474 2150 2505 25

209 2549 351 2611 pater
386 2544 438 2595 in
477 2542 603 2606 filio,
645 2544 696 2593 et
734 2541 872 2593 filius
914 2542 962 2592 in
1005 2543 1172 2607 patrm
1216 2546 1267 2591 et
1304 2542 1378 2592 ita
1410 2556 1500 2606 per
1531 2555 1685 2606 opera
1721 2539 2078 2606 intellegimus

355 2659 426 2713 12]
461 2657 555 2700 loh.
592 2658 658 2711 10,
691 2657 761 2709 30.
907 2657 977 2711 13]
1013 2655 1068 2699 cf.
1101 2656 1193 2698 roh.
1240 2656 1306 2710 10,
1342 2654 1527 2699 32—33.
1672 2654 1742 2709 16]
1776 2653 1869 2697 Ioh.
1906 2654 1974 2707 10,
2007 2654 2075 2696 30.

210 2732 279 2786 18]
309 2731 405 2773 Ιο11.
439 2731 508 2784 10,
538 2729 726 2773 34-38.
1669 2746 1673 2749 ’

265 2821 290 2861 5
321 2822 427 2861 tunc
458 2817 572 2866 MF,
602 2819 699 2859 tum
729 2817 922 2872 Puulqo
1033 2818 1058 2859 6
1092 2816 1201 2858 dicit
1232 2816 1395 2858 addidi
1534 2828 1646 2857 unus
1677 2813 1788 2869 Riy:
1818 2812 1937 2869 quod
1966 2827 2077 2855 unus

207 2891 355 2934 PMF
424 2891 452 2934 8
477 2891 651 2947 generis
675 2904 808 2932 unum
833 2890 959 2945 Enq:
991 2891 1179 2945 generis⁷
1204 2903 1337 2930 unum
1361 2889 1497 2943 uulyo
1574 2888 1627 2930 ΓΞ
1652 2887 1920 2942 obsequitur.
1945 2872 2078 2928 unum

206 2965 342 3019 uulyo
421 2965 473 3007 13
508 2963 615 3006 adeo
635 2984 690 3000 z
709 2964 869 3013 adhue,
903 2968 954 3005 ut
983 2963 1175 3009 uidetur,
1208 2963 1301 3004 nisi
1330 2961 1658 3004 rescribendum
1690 2965 1772 3003 est:
1804 2960 1858 3002 ad
1892 2973 1943 3002 ea
2032 2971 2077 3000 se

207 3052 288 3081 om.
327 3038 372 3079 P
407 3037 532 3091 (add.
572 3037 617 3080 R
655 3051 708 3080 ex
738 3036 1075 3091 Hirsauyiensi)
1173 3037 1221 3077 17
1267 3034 1652 3090 qua--ostendens
1689 3034 1906 3088 su'biunye
1942 3034 2077 3075 uerbo

208 3111 351 3167 inquit
455 3111 509 3153 18
539 3111 685 3166 ipsum
717 3111 845 3152 deum
873 3111 1108 3165 <patrem>
1127 3108 1241 3161 fort.
1351 3109 1403 3150 19
1437 3108 1650 3150 lacunam
1679 3107 1884 3161 siynaui:
1914 3106 2076 3148 deside-

204 3189 371 3228 rantur
401 3184 543 3226 uerba
573 3184 819 3238 euanyelii:
859 3185 904 3224 et
933 3182 1034 3224 illos
1068 3181 1171 3223 deos
1210 3181 1455 3223 nominauit
1493 3180 1572 3229 lex,
1607 3178 1661 3221 ad
1694 3188 1801 3234 quos
1833 3192 1973 3222 sermo
2006 3178 2078 3220 dei

203 3258 349 3301 factus
389 3259 471 3310 est,
510 3270 626 3311 quae
663 3256 745 3299 hoc
783 3257 877 3299 loeo
909 3260 1095 3310 propter
1133 3254 1378 3297 antithesin
1420 3254 1741 3308 insequentem:
1786 3265 1914 3306 quem
1951 3255 2077 3307 pater

206 3330 500 3374 sanetificauit
530 3330 674 3372 deesse
694 3330 778 3372 uiae
800 3333 995 3384 possunt
1076 3329 1127 3370 21
1156 3327 1313 3369 dixerit
1335 3327 1450 3369 Iwn:
1477 3326 1646 3369 dixerat
1669 3325 1823 3378 PMF,
1849 3324 1936 3367 dixi
1958 3325 2077 3367 Pam

205 3407 261 3448 25
294 3405 387 3446 erat
424 3402 510 3446 Urs
