2248 3646
557 226 652 267 VII.
685 226 947 268 Aduersus
977 227 1292 268 Marcionem
1321 228 1393 268 lib.
1426 228 1447 268 Ι
1477 229 1656 270 ‘zo—21.
1917 235 2015 283 317

213 382 311 430 iarn
337 381 610 430 recusanda
633 382 999 445 pronuntiabat,
1030 382 1140 446 ipsa
1168 383 1411 431 sententia
1442 385 1655 447 apostoli
1690 388 2020 435 consentanea

216 466 427 515 decretis
467 466 700 517 creatoris
740 466 916 528 probat
953 482 1046 516 non
1087 467 1238 515 alium
1279 466 1425 516 deum
1465 469 1523 515 ab
1564 470 1789 531 apostolo
1831 470 2018 533 praedi-

215 552 379 599 catum
431 566 578 614 quam
632 551 773 600 cuius
823 551 1018 600 decreta
1063 551 1296 615 cupiebat
1339 552 1439 600 iam
1487 553 1707 616 agnosci,
1763 553 1914 603 falsos
1971 559 2019 603 et

215 636 467 698 apostolos
494 637 543 684 et
566 636 740 685 fratres
766 638 941 689 not-ans
973 636 1019 684 in
1054 636 1144 685 hac
1178 651 1343 696 causa,
1370 637 1454 700 qui
1488 637 1804 703 euangelium
1835 638 2021 688 Christi

164 739 182 767 5
214 720 448 769 creatoris
502 720 822 789 transferrent
875 737 901 770 a
944 721 1165 770 nouitate
1218 723 1561 784 praenuntiata
1614 738 1641 771 a
1688 725 1904 772 creatore
1960 723 2019 772 ad

144 1163 183 1193 10

150 2443 188 2472 25

214 807 518 855 uetustatem
557 809 837 855 recusatam
879 822 905 855 a
944 809 1176 858 creatore.

284 892 363 941 21.
412 890 644 940 Ceterum
695 892 752 951 si,
800 907 898 956 qua
942 909 1127 942 nouum
1176 892 1323 942 deum
1368 893 1676 956 praedicans„
1716 894 1901 944 ueteris
1942 894 2019 943 dei

211 976 373 1040 legem
422 976 654 1040 cupiebat
707 977 982 1038 exc-ludere,
1037 993 1186 1041 quare
1233 977 1291 1026 de
1339 977 1427 1027 deo
1477 978 1672 1041 quidem
1722 994 1850 1029 nouo
1897 980 2021 1028 nihil

210 1061 517 1124 praescribit,
559 1062 645 1110 sed
687 1062 744 1111 de
783 1065 951 1112 uetere
989 1064 1100 1127 lege
1141 1062 1471 1123 solummodo,
1514 1063 1609 1112 nisi
1650 1064 1886 1127 quoniam
1924 1064 2019 1114 fide

213 1148 438 1195 manente
470 1147 515 1195 in
552 1150 822 1197 creatorem
862 1149 967 1197 sola
1003 1148 1080 1198 lex
1121 1149 1227 1198 eius
1268 1163 1555 1198 concessare
1597 1149 1839 1198 debebat?
1878 1152 1935 1198 ut
1973 1152 2021 1198 et

214 1232 537 1295 psalmusille
556 1233 942 1297 praececinerat:
973 1233 1358 1296 disrumpam
1381 1249 1410 1282 u
1430 1248 1450 1282 s
1484 1233 1723 1283 anobis
1756 1234 2021 1284 uincula

216 1331 429 1365 eorum
478 1320 537 1365 et
583 1317 936 1367 abiciamus
985 1334 1193 1367 eorum
1243 1319 1459 1383 iugum
1500 1335 1526 1366 a
1562 1319 1771 1376 nobis3
1829 1335 1883 1368 ex
1923 1334 2017 1382 quo

215 1401 409 1451 scilicet
438 1403 875 1452 tumultuatae
908 1405 1056 1453 sunt
1087 1406 1314 1468 gentes
1357 1407 1415 1452 et
1453 1404 1681 1467 populi
1720 1404 2018 1453 meditati

216 1490 363 1535 sunt
393 1488 630 1546 inania:
653 1488 1047 1538 adstiterunt
1070 1505 1248 1554 reges
1275 1492 1484 1539 terrae
1511 1492 1566 1538 et
1589 1490 2019 1554 magistratus

165 1598 182 1618 .›
217 1577 652 1622 conuenerunt
683 1574 740 1622 in
783 1590 965 1623 unum
1007 1575 1317 1625 aduersus
1359 1575 1670 1624 dominum
1712 1577 1769 1623 et
1804 1575 2015 1623 aduer-

216 1673 321 1708 sus
356 1658 681 1708 Christum
714 1660 863 1710 eius.
898 1663 946 1709 et
976 1660 1166 1724 utique,
1200 1660 1243 1710 si
1276 1661 1402 1709 alius
1438 1660 1557 1710 deus
1597 1660 1960 1724 praedicaretur
1994 1676 2018 1710 a

214 1743 386 1802 Paulo,
448 1745 584 1794 nulla
644 1745 940 1810 disceptatio
1004 1751 1136 1796 esset
1193 1747 1462 1795 seruandae
1515 1746 1642 1811 legis
1696 1762 1864 1806 necne,
1924 1762 2019 1796 non

214 1829 507 1891 pertinentis
541 1831 732 1880 scilicet
764 1831 823 1880 ad
857 1831 1112 1881 dominum
1133 1847 1330 1902 ²nouum
1364 1837 1412 1881 et
1444 1832 1694 1881 aemulum
1727 1832 1871 1896 legis.
1912 1832 2021 1895 ipsa

216 1913 345 1962 enim
378 1914 456 1963 dei
494 1915 690 1965 nouitas
731 1918 879 1980 atque
920 1917 1184 1965 diuersitas
1225 1916 1518 1966 abstulisset
1554 1932 1648 1965 non
1689 1917 1834 1965 modo
1876 1931 2021 1979 quae-

147 2019 164 2047 2
216 1999 428 2048 stionem
460 2001 643 2050 ueteris
678 2005 726 2050 et
759 2001 945 2051 alienae
976 2002 1102 2067 legis
1133 2017 1309 2051 uerum
1337 2017 1532 2051 ornnem
1568 2001 1673 2051 eius
1706 2000 2020 2050 mentionem.

217 2084 304 2134 sed
349 2084 428 2134 hic
477 2089 581 2135 erat
624 2090 762 2136 totus
803 2089 964 2136 status
1006 2088 1326 2151 quaestionis,
1375 2087 1509 2150 quid,
1560 2102 1672 2136 cum
1719 2085 1848 2135 idern
1898 2086 2018 2134 deus

215 2170 340 2235 legis
386 2171 433 2219 in
483 2171 678 2221 Christo
725 2173 1106 2237 praedicaretur,
1153 2174 1254 2237 legi
1299 2173 1405 2222 eius
1454 2172 1785 2238 derogaretur.
1855 2171 2020 2221 stabat

216 2255 370 2320 igitur
402 2256 520 2306 fides
555 2273 749 2321 semper
779 2258 826 2307 in
861 2262 1080 2308 creatore
1113 2261 1162 2307 et
1194 2258 1389 2309 Christo
1423 2259 1546 2318 eius,
1589 2258 1676 2307 sed
1710 2257 2020 2306 conuersatio

219 2343 267 2389 et
304 2341 569 2406 disciplina.
614 2344 835 2394 nutabat.
905 2359 1015 2392 nam
1057 2346 1106 2393 et
1143 2344 1228 2393 alii
1268 2344 1325 2392 de
1363 2344 1642 2408 idolothyto
1684 2343 1888 2403 edendo,
1938 2342 2021 2390 alii

220 2427 277 2476 de
316 2429 580 2477 mulierum
619 2430 916 2488 uelamentO,
957 2430 1040 2479 alii
1079 2430 1136 2479 de
1176 2430 1364 2492 nuptiis
1404 2431 1481 2478 vuel
1522 2429 1758 2493 repudiiS,
1800 2427 2022 2476 nonnulli

221 2515 270 2561 et
321 2513 379 2561 de
418 2528 504 2576 spe
542 2514 917 2564 resurrectionis
951 2515 1310 2579 disceptabant,
1353 2514 1409 2562 de
1450 2514 1540 2562 deo
1581 2528 1738 2561 neme.
1778 2527 1890 2560 nam
1929 2512 2021 2575 (si)

219 2597 401 2646 fuisset
431 2598 550 2647 haec
592 2615 788 2662 quoque
822 2600 1045 2664 quaestio
1087 2600 1380 2664 disceptata,
1422 2601 1470 2648 et
1507 2599 1614 2662 ipsa
1655 2597 1784 2661 apud
1825 2600 2019 2660 aposto-

221 2682 321 2729 lum
363 2682 684 2741 inueniretur,
731 2685 814 2733 uel
860 2687 1041 2748 quanto
1080 2684 1382 2747 principalis..
1452 2683 1627 2746 quodsi
1676 2684 1789 2746 post
1826 2685 2019 2746 aposto-

220 2766 381 2815 lorum
413 2770 638 2833 tempora
668 2769 966 2818 adulterium
1002 2769 1184 2818 ueritas
1217 2784 1364 2832 passa
1396 2771 1472 2817 est
1504 2768 1631 2816 circa
1670 2767 1747 2816 dei
1785 2768 2023 2832 regulam,

365 2893 432 2947 11]
465 2895 534 2937 Ps.
567 2895 605 2946 2,
637 2895 675 2935 3.
765 2896 833 2948 13]
867 2896 935 2938 Ps,
968 2896 1007 2944 2,
1042 2896 1076 2939 1.
1110 2896 1146 2936 2.
1235 2895 1306 2948 24]
1341 2894 1390 2935 cf.
1423 2894 1442 2934 I
1476 2894 1566 2934 Cor.
1599 2906 1688 2946 cap.
1717 2892 1779 2933 10.
1869 2892 1939 2944 25]
1973 2890 2022 2931 cf.

222 2963 242 3004 I
274 2964 366 3008 Cor.
401 2979 474 3019 cap
525 2968 588 3007 11.
620 2966 669 3009 cf.
701 2966 722 3007 Ι
754 2966 846 3008 Cor.
880 2981 968 3020 cap.
1002 2968 1039 3007 7.
1127 2967 1194 3019 26]
1227 2966 1276 3009 cf.
1310 2966 1329 3006 Ι
1362 2965 1452 3007 Cor.
1486 2977 1576 3018 cap.
1612 2965 1674 3004 15.

281 3051 301 3090 1
343 3051 556 3090 sententia
594 3051 776 3104 apostoli
813 3051 877 3098 M,
917 3051 1100 3104 apostoli
1137 3051 1352 3090 sententia
1387 3048 1429 3090 R
1515 3050 1541 3088 4
1579 3048 1651 3101 qui
1687 3047 1741 3096 R,
1783 3060 1890 3099 quae
1928 3045 2028 3085 MF

226 3123 247 3162 7
280 3122 315 3162 si
347 3122 466 3176 quasi
496 3122 583 3175 Εἰς]
701 3123 748 3163 11
789 3123 1104 3176 praececinerat
1133 3121 1198 3170 M,
1237 3122 1532 3175 praecinuerat
1568 3119 1609 3160 R
1726 3131 1748 3158 a
1778 3117 1900 3158 nobis
1930 3118 2024 3157 uin-

226 3194 319 3234 cula
355 3193 419 3242 M,
459 3195 628 3235 uincula
667 3208 690 3234 a
726 3194 848 3235 nobis
886 3194 928 3235 R
1018 3195 1067 3235 15
1107 3195 1397 3234 conuenerunt
1433 3191 1542 3239 MF,
1582 3190 1944 3231 circumuenerunt
1983 3188 2024 3229 R

225 3265 275 3306 21
307 3265 444 3306 totius
473 3279 585 3318 susp.
618 3265 720 3320 Enq
835 3265 936 3320 quid
966 3265 1141 3317 scripsi:
1172 3263 1283 3317 quod
1312 3262 1410 3304 MR
1483 3263 1536 3304 22
1566 3262 1653 3315 legi
1683 3258 1810 3309 MR²,
1841 3259 1934 3312 lege
1967 3258 2027 3299 13³²

226 3337 279 3377 24
309 3338 382 3379 alii
413 3338 481 3378 dei
513 3337 563 3379 de
594 3339 640 3380 F
722 3338 774 3378 26
807 3338 841 3377 si
873 3336 944 3390 Rss,
976 3351 1054 3380 om.
1086 3336 1198 3378 MR‘
