2248 3646
275 244 380 293 430
648 241 837 292 Quinti
870 242 1099 297 Septimi
1131 243 1414 292 Flex-entis
1448 244 1777 287 Terizulliani

276 402 560 469 euangelia,
618 402 738 452 dum
793 402 958 465 uitiat,
1014 418 1148 462 cum,
1206 411 1256 454 et
1311 404 1352 453 si
1409 405 1692 470 discipulus
1739 407 1983 468 Marcion,
2035 425 2131 459 non

274 493 443 540 tamen
486 506 641 555 super
687 491 1014 557 magistrum,
1065 494 1114 541 et
1155 491 1198 541 si
1238 493 1505 558 apostolus
1543 493 1787 554 Marcion,
1838 494 1968 547 siue
2010 511 2132 563 ege,

275 577 447 643 inquit
484 578 699 636 Paulus
742 578 874 629 siue
916 578 1030 639 illi,
1073 578 1159 628 sic
1201 580 1638 644 praedicamus,
1688 584 1737 632 et
1777 582 1820 633 si
1859 583 2131 648 prophetes

275 665 523 723 Marcion,
567 667 616 715 et
657 664 917 731 spiritus
959 666 1391 730 prophetarum
1431 668 1749 733 prophet-is
1792 673 1964 720 erunt
2004 671 2132 721 sub—

277 753 417 812 diti;
475 769 586 803 non
651 752 803 803 enim
862 754 1206 804 euersionis
1264 757 1419 817 sunt,
1483 756 1585 806 sed
1639 756 1824 823 paciS,
1881 758 2034 808 etiam
2090 760 2134 810 si

276 841 488 907 angelus
514 841 762 903 Marcion,
799 840 951 892 citius
986 842 1257 892 anathema
1295 842 1539 894 dicendus
1573 859 1724 908 quam
1759 845 2136 912 euangelizator

276 930 361 994 qui
403 929 550 979 aliter
590 929 985 996 euangelizauit.
1025 929 1198 994 itaque
1247 930 1368 980 (lum
1416 931 1666 994 emendat,
1707 937 1982 999 utrumque
2022 949 2135 986 con-

274 1016 465 1067 firmat:
509 1020 559 1067 et
597 1019 830 1067 nostrum
871 1017 1112 1079 anterius,
1159 1017 1211 1067 id
1251 1017 1521 1069 emendans
1563 1019 1697 1084 quod
1734 1020 1946 1081 inuenit,
1996 1025 2046 1072 et
2081 1021 2135 1072 id

273 1105 547 1169 posterius,
606 1104 742 1170 quod
796 1104 855 1154 de
909 1106 1072 1156 nostri
1121 1105 1472 1156 emendatione
1521 1107 1838 1159 constituens
1885 1124 2035 1159 suum
2086 1111 2136 1160 et

275 1207 467 1242 nouum
507 1192 648 1255 feeit.

350 1282 397 1333 5.
453 1281 510 1331 In
567 1296 791 1331 summa:
842 1279 884 1330 si
934 1282 1135 1331 constat
1180 1281 1233 1331 id
1279 1281 1453 1332 uerius
1501 1282 1636 1348 quod
1683 1283 1839 1348 prius,
1895 1283 1947 1333 id
1993 1284 2135 1350 prius

276 1368 410 1434 quod
443 1368 529 1434 <ab
562 1368 754 1434 initio>
784 1368 833 1418 ic]
871 1368 931 1418 ab
964 1368 1110 1418 initio
1152 1369 1287 1434 quod
1329 1370 1388 1420 ab
1431 1370 1697 1435 apostolis,
1732 1371 1919 1436 pariter
1956 1372 2134 1437 utique

277 1455 535 1506 constabit
580 1455 632 1505 id
681 1470 792 1506 esse
834 1456 894 1506 ab
939 1456 1187 1520 apostolis
1226 1456 1490 1518 traditum,
1544 1457 1675 1523 quod
1719 1459 1852 1524 apud
1893 1458 2134 1510 ecclesias

277 1544 625 1609 apostolorum
667 1543 822 1594 fuerit
862 1546 1257 1595 sacrosanctum.
1292 1544 1575 1607 uideamus,
1618 1546 1753 1610 quod
1792 1547 1870 1596 lac
1910 1562 1937 1596 a
1975 1546 2133 1597 Paulo

278 1631 525 1682 Corinthii
564 1632 844 1693 hauserint,
887 1631 948 1681 ad
991 1648 1143 1697 quam
1182 1633 1411 1699 regulam
1456 1632 1668 1683 Galatae
1710 1634 1811 1685 sint
1847 1635 2132 1696 recorrecti,

278 1719 399 1784 quid
444 1719 621 1785 legant
659 1719 980 1785 Philipenses
1031 1719 1487 1771 Thesalonicenses
1535 1720 1762 1785 Ephesii,
1814 1721 1934 1786 quid
1980 1722 2135 1772 etiam

274 1807 490 1858 Romani
539 1807 598 1857 de
646 1808 873 1872 proximo
924 1810 1119 1867 sonent,
1170 1809 1355 1874 quibus
1406 1809 1731 1874 euangelium
1774 1812 1824 1859 et
1861 1809 2044 1860 Petrus
2085 1813 2136 1861 et

280 1895 475 1945 Paulus
525 1895 770 1962 sanguine
818 1911 1022 1961 quoque
1070 1911 1162 1946 suo
1217 1895 1479 1963 signatum
1517 1896 1849 1962 reliquerunt.
1888 1896 2134 1947 habemus

283 1985 333 2033 et
384 1982 624 2033 Iohannis
679 1983 911 2034 alumnas
969 1984 1226 2035 ecclesias,
1290 2000 1402 2034 nam
1468 1984 1567 2035 etsi
1619 1984 1963 2050 Apocalypsin
2027 1984 2136 2035 eius

279 2070 508 2121 Marcion
539 2072 753 2136 respuit,
781 2070 900 2122 ordo
933 2074 1103 2121 tamen
1130 2071 1489 2137 episcoporum
1525 2072 1585 2122 ad
1619 2072 1865 2139 originem
1896 2088 2135 2124 recensus

279 2159 329 2209 in
376 2159 650 2209 Iohannem
700 2159 858 2210 stabit
912 2161 1182 2210 auctorem.
1255 2161 1327 2210 sic
1384 2162 1434 2210 et
1488 2162 1768 2210 ceterarum
1822 2160 2135 2228 generositas

280 2247 679 2314 recognoscitur.
722 2247 833 2299 dico
857 2247 1029 2312 itaque
1055 2248 1188 2313 apud
1214 2247 1348 2308 illas,
1383 2263 1473 2298 nec
1507 2247 1648 2298 solas*
1675 2248 1775 2298 iam
1808 2248 2135 2313 apostolicae,

283 2335 373 2385 sed
420 2335 554 2401 apud
601 2336 887 2396 uniuersa&
945 2351 1069 2400 quae
1114 2335 1220 2385 illis
1269 2335 1329 2386 de
1377 2335 1623 2387 societate
1672 2336 1976 2386 sacramenti
2023 2351 2135 2387 con-

281 2423 621 2484 foederantur,
655 2423 705 2472 id
732 2422 1057 2490 euangelium
1083 2423 1250 2474 Lucae
1285 2424 1345 2473 ab
1377 2423 1522 2473 initio
1558 2423 1795 2474 editionis
1829 2439 1951 2474 suae
1984 2426 2135 2484 stare,

284 2511 418 2578 quod
451 2526 566 2561 cum
600 2511 816 2561 maxime
847 2513 1068 2571 tuemur,
1101 2510 1377 2561 Marcionis
1401 2526 1521 2561 uero
1548 2512 1803 2576 plerisque
1828 2526 1920 2561 nec
1943 2512 2135 2562 notum.

281 2599 439 2649 nullis
487 2602 659 2649 autem
705 2601 882 2649 notum
932 2601 990 2648 ut
1035 2614 1133 2648 non
1183 2614 1239 2649 eo
1296 2598 1625 2649 damnatum?
1679 2599 1832 2649 habet
1885 2599 2033 2662 plane
2088 2603 2138 2649 et

280 2686 408 2737 illud
449 2686 710 2747 ecclesiae,
760 2686 848 2737 sed
889 2703 1026 2744 suas,
1075 2690 1180 2736 tam
1218 2689 1450 2751 posteras
1493 2702 1645 2752 quam
1692 2687 1963 2748 adulteraS,
2017 2702 2136 2751 qua-

428 2859 470 2914 1]
514 2858 566 2901 cf.
606 2858 766 2908 Matth,
800 2858 866 2909 10,
900 2859 967 2901 24.
1117 2858 1160 2914 2]
1193 2858 1214 2900 1
1248 2857 1345 2901 cor.
1390 2859 1455 2912 15,
1491 2858 1557 2902 11,
1704 2858 1750 2913 4]
1784 2857 1805 2899 1
1836 2858 1931 2900 eor.
1968 2857 2033 2906 14,
2067 2857 2133 2900 32.

281 2932 325 2987 6]
361 2931 413 2974 of.
448 2929 543 2976 eal.
580 2931 616 2985 1,
648 2932 686 2975 3.
782 2931 850 2986 14]
886 2931 940 2973 ef.
973 2931 993 2974 1
1027 2930 1122 2974 eor.
1155 2931 1195 2985 3,
1228 2930 1267 2974 2.

320 3021 363 3066 „7
398 3020 474 3075 qui
504 3019 570 3065 M.
604 3020 706 3075 quia,
736 3020 780 3063 R
920 3020 945 3062 8
978 3019 1170 3061 anterius
1203 3018 1318 3060 Lat:
1359 3018 1539 3060 alterius
1569 3016 1669 3060 MR
1820 3018 1871 3059 12
1905 3016 2020 3071 quod
2048 3017 2133 3071 <ab

280 3094 453 3147 initio>
486 3092 532 3134 id
572 3093 624 3135 ab
663 3093 791 3135 initio
829 3093 1009 3147 scripsi:
1048 3091 1163 3147 quod
1204 3095 1247 3133 et
1287 3092 1339 3134 ab
1371 3092 1499 3133 initio
1530 3091 1641 3141 MF,
1685 3090 1800 3146 quod
1831 3093 1875 3133 et
1907 3091 1959 3132 ab
1991 3090 2133 3137 initio.

278 3165 354 3219 <id
387 3166 439 3208 ab
470 3167 632 3221 initio>
652 3166 846 3223 Ruulyo
923 3167 973 3208 15
1000 3165 1220 3208 chorinthi
1242 3165 1299 3207 M
1387 3164 1591 3220 galathae
1615 3164 1672 3206 M
1759 3164 1847 3206 sint
1870 3164 1926 3217 R,
1959 3166 2060 3205 sunt
2080 3162 2140 3204 Μ

284 3239 336 3281 16
367 3239 673 3295 Philippenses
705 3239 749 3282 R
891 3239 1299 3281 Thessalonicenses
1331 3238 1375 3280 R
1465 3237 1519 3280 23
1551 3224 1913 3279 confoederantur
1942 3236 1999 3288 R,
2033 3250 2134 3278 con-

280 3311 478 3354 ferantur
500 3312 604 3354 MF
661 3313 714 3354 25
746 3316 949 3354 tueamur
973 3312 1029 3354 M
1057 3314 1100 3366 (a
1131 3314 1261 3363 eros.)
1353 3313 1520 3364 notum,
1552 3310 1683 3351 nullis
1706 3310 1841 3365 vculyo
1902 3309 1955 3351 26
1989 3311 2135 3351 autem

282 3398 363 3429 om.
395 3383 458 3428 131
605 3400 653 3428 eo
694 3386 804 3440 (scil.
843 3386 963 3440 qzcod
990 3385 1214 3441 plerisque
1251 3398 1330 3426 nec
1366 3388 1521 3426 notum
1552 3384 1629 3436 est)
1663 3382 1914 3425 damnatum
1953 3380 2132 3432 MGR3,

283 3457 433 3499 eodem
452 3459 603 3500 natum
614 3456 690 3508 R1,
710 3457 859 3499 eadem
879 3458 1129 3499 damnatum
1146 3456 1354 3498 oehlerus
1440 3456 1613 3509 3²5anqu
1628 3454 2135 3509 mter-royanonisposui

2166 1210 2206 1240 10

2165 1648 2207 1678 15

2169 2089 2209 2119 20

2168 2527 2210 2559 ‘25
