2248 3646
192 211 295 262 508
561 209 750 261 Quinti
784 209 1012 265 Septimi
1043 210 1325 253 Florentis
1356 209 1692 253 Tertulliani

193 372 456 424 consuluit
495 371 554 422 de
595 374 828 422 aeternae
869 371 1006 422 uitae
1054 372 1432 423 consecutione.
1479 372 1653 436 itaque
1694 371 1948 434 dominus,
1995 376 2053 423 ut

192 475 284 511 nec
331 460 442 525 ipse
491 458 623 509 alius
671 474 763 509 nec
810 458 949 508 alind
995 474 1188 510 nouum
1233 458 1452 509 inferens
1500 461 1847 524 praeceptum,
1900 476 2052 525 quarn

192 547 329 612 quod
366 546 717 613 principaliter
750 546 812 596 ad
845 561 1045 596 omnem
1081 546 1301 597 salutem
1335 548 1385 597 et
1415 550 1686 612 utramque
1721 548 1879 598 uitam
1911 549 2049 606 facit,

189 638 364 700 ipsum
406 636 561 699 caput
601 633 646 684 ei
684 634 815 700 legis
858 634 1087 699 opponit,
1136 634 1455 685 omnifariam
1505 634 1752 701 diligendi
1791 635 2050 686 dominum

190 721 341 773 deum
383 738 552 773 suum.
602 721 819 787 denique
867 722 911 772 si
951 721 1011 772 de
1050 722 1161 773 uita
1197 722 1448 788 longaeua
1489 723 1539 772 et
1577 722 1663 773 ille
1704 722 1964 773 consuluit
2003 726 2053 773 et
2098 741 2118 772 5

189 810 427 861 Christus
466 809 745 875 respondit,
786 824 914 875 quae
956 809 1025 860 sit
1063 825 1218 875 penes
1260 812 1554 870 creatorem,
1595 826 1693 860 non
1734 810 1794 860 de
1834 813 2051 871 aeterna,

189 913 318 963 quae
360 898 429 948 sit
473 913 626 963 penes
666 896 941 948 Marcionis
990 899 1159 957 deum,
1211 898 1464 963 quomodo
1514 901 1857 963 consequetur
1895 903 2051 949 aeter-

186 987 337 1035 nam?
406 1000 503 1035 non
564 984 745 1050 utique
808 985 987 1035 eodem
1047 985 1216 1047 modO,
1289 1001 1387 1051 quo
1458 989 1508 1036 et
1574 985 1898 1052 longaeuam.
1962 1003 2048 1052 pro

186 1072 473 1124 differentia
526 1072 662 1123 enim
717 1072 1012 1123 mercedum
1074 1088 1343 1138 operarum
1406 1089 1609 1138 quoque
1670 1073 1919 1124 credenda
1980 1074 2050 1123 (11-

185 1161 376 1212 stantia
415 1162 510 1212 est.
552 1175 670 1228 ergo
717 1176 814 1211 non
850 1175 906 1210 ex
940 1160 1215 1211 dilectione
1248 1160 1327 1210 dei
1361 1161 1443 1212 sui
1475 1164 1851 1226 consequentur
1889 1161 2047 1211 uitam
2080 1181 2122 1213 10

185 1251 441 1300 aeternam
480 1247 834 1310 Marcionitae,
878 1247 1015 1298 sicut
1052 1248 1356 1315 longaeuam
1398 1248 1615 1300 dilector
1655 1248 1911 1299 creatoris.
1960 1248 2050 1299 sed

185 1338 333 1402 quale
381 1339 475 1399 est,
531 1338 590 1387 ut
643 1352 740 1387 non
793 1336 960 1403 magis
1016 1336 1308 1403 diligendus
1358 1336 1425 1387 sit
1474 1337 1559 1403 qui
1607 1339 1864 1387 aeternam
1902 1337 2047 1403 polli-

183 1427 341 1485 cetur,
406 1425 450 1475 si
504 1424 794 1491 diligendus
859 1427 936 1475 est
991 1424 1078 1490 qui
1139 1424 1447 1491 longaeuam
1515 1426 1863 1491 repromittit?
1927 1441 2045 1491 ergo

181 1513 413 1564 eiusdem
475 1513 572 1564 erit
633 1515 847 1578 utraque
909 1513 1035 1575 uita,
1100 1528 1216 1564 cum
1280 1514 1453 1564 eadem
1519 1518 1597 1564 est
1657 1514 1862 1579 utrique
1909 1514 2045 1563 uitae

181 1600 459 1667 captandae
486 1600 773 1666 disciplina,
808 1631 877 1636 -—
911 1601 1047 1666 quod
1081 1603 1275 1652 creator
1308 1601 1474 1664 (10661,
1508 1600 1643 1651 idem
1679 1600 1880 1652 Christo
1915 1617 2043 1666 opus
2075 1618 2116 1649 15

179 1692 274 1751 est,
302 1688 449 1756 diligi
474 1691 532 1739 ut
562 1690 803 1755 praestet,
830 1718 900 1724 —-
924 1689 1297 1740 interueniente
1325 1691 1375 1739 et
1398 1689 1481 1740 hic
1513 1689 1602 1740 illa
1631 1689 2045 1756 praescriptione,

179 1794 278 1843 qua
302 1777 506 1828 facilius
532 1777 668 1843 apud
693 1793 810 1828 eum
837 1777 1054 1828 debeant
1087 1778 1224 1828 credi
1254 1778 1464 1839 maiora,
1498 1777 1633 1844 apud
1667 1793 1819 1842 quern
1851 1777 2046 1828 minora

176 1865 507 1933 praecedunt,
545 1880 702 1931 ⁴quam
744 1865 880 1931 apud
928 1880 1062 1928 eum,
1111 1866 1195 1916 cui
1233 1866 1428 1916 nullam
1469 1865 1529 1916 (16
1570 1865 1850 1916 maioribus
1891 1864 2043 1914 fidem

176 1953 350 2019 aliqua
381 1954 578 2005 minora
607 1956 1057 2021 praeparauerunt.
1084 1954 1274 2005 uiderit
1304 1969 1453 2019 nunc,
1482 1953 1526 2006 si
1559 1956 1848 2004 ‘aeternam'
1881 1953 2045 2003 nostri

177 2041 504 2093 addiderunt:
545 2042 643 2093 1106
689 2042 817 2093 1111111
872 2042 999 2093 satis
1048 2044 1143 2105 est,
1193 2042 1326 2108 quod
1368 2041 1623 2104 Christus,
1661 2038 1750 2093 1116
1791 2044 2040 2102 aeternae,
2073 2058 2116 2089 20

175 2146 275 2182 non
314 2131 648 2199 longae<uae>
686 2132 827 2182 uitae
866 2131 1130 2192 inuitator,
1174 2131 1234 2181 de
1273 2130 1527 2198 longaeua
1565 2130 1849 2192 consultus,
1891 2145 2042 2195 quam

176 2218 491 2276 destruebat,
532 2235 629 2270 non
668 2218 782 2285 (ad)
822 2221 1077 2269 aeternam
1110 2218 1285 2284 potius
1320 2218 1613 2269 exhortatus
1648 2221 1726 2269 661
1763 2217 2039 2280 hominem,

176 2322 331 2372 quam
363 2306 628 2358 inferebat.
658 2306 797 2373 quid,
824 2322 908 2358 oro
935 2308 1002 2369 te,
1029 2306 1239 2357 fecisset
1265 2304 1502 2362 Christus
1537 2305 1796 2368 creatoris,
1831 2304 1875 2355 si
1908 2320 2038 2356 crea-

175 2395 275 2446 tori
323 2394 583 2459 diligendo
633 2395 996 2446 aedificauerat
1040 2394 1300 2446 hominem
1345 2394 1432 2460 qui
1471 2409 1568 2444 non
1611 2395 1718 2444 erat
1763 2393 2038 2444 creatoris?

176 2482 342 2545 credO,
383 2485 626 2550 negasset
663 2482 980 2551 diligendum
1021 2485 1314 2533 creatorem.
2068 2495 2110 2529 25

251 2572 332 2623 26.
384 2570 512 2622 Cum
559 2571 627 2635 in,
660 2571 880 2636 quodam
925 2571 1039 2622 loco
1082 2573 1278 2621 orasset
1316 2569 1380 2621 ad
1418 2572 1614 2635 patrem
1654 2569 1803 2620 illum
1845 2569 2039 2634 superi-

176 2674 332 2721 orem,
366 2689 436 2695 -—
470 2658 597 2709 satis
629 2658 1018 2725 impudentibus
1053 2660 1103 2710 et
1135 2658 1418 2709 temerariis
1453 2658 1615 2710 oculis
1648 2656 1936 2722 suspiciens
1976 2656 2039 2707 ad

177 2747 378 2798 caelum
427 2747 688 2809 creatoriS,
746 2764 773 2798 a
821 2763 919 2813 quo
969 2749 1073 2798 tam
1114 2761 1291 2812 aspero
1334 2748 1385 2796 et
1423 2762 1576 2798 saeuo
1620 2749 1670 2797 et
1708 2744 1948 2813 grandine
1989 2748 2038 2795 et

321 2903 391 2958 26]
426 2902 478 2948 cf.
510 2903 614 2945 Luc.
650 2902 715 2954 11,
754 2903 789 2944 1.

234 2992 257 3033 7
285 2993 575 3046 consequetur
596 2990 780 3045 scripsi:
809 2990 1091 3044 consequitur
1114 2989 1214 3032 MR
1276 2988 1329 3031 10
1355 2989 1418 3030 6111
1443 2989 1624 3043 scripsi:
1655 2988 1721 3030 tui
1745 2988 1845 3032 MR
1934 3003 2032 3031 con-

174 3069 415 3118 sequentur
437 3064 503 3119 M,
539 3066 829 3118 consequetur
850 3063 1045 3118 Ruulyo
1137 3063 1185 3105 11
1219 3062 1505 3104 Marcionitae
1535 3062 1718 3116 scripsi:
1752 3062 2032 3117 Marcionites

174 3137 275 3180 MR
291 3138 425 3192 uulyo
510 3137 562 3179 15
590 3136 832 3192 captandae
856 3136 1035 3191 scripsi:
1068 3135 1282 3192 captanda
1305 3135 1405 3179 MR
1486 3135 1780 3190 parenthesin
1807 3134 2034 3177 indicauit

172 3211 290 3266 Erty,
322 3210 400 3253 sed
428 3211 572 3252 ‘nescio
607 3224 667 3252 an
695 3210 808 3260 ⁵haec
838 3210 1019 3252 omnino
1050 3210 1140 3251 sint
1172 3208 1362 3251 delenda
1499 3208 1614 3250 idem
1645 3207 1823 3262 scripsi:
1847 3208 1891 3249 id
1917 3215 1938 3250 e
1962 3207 2030 3261 M,

173 3285 220 3327 id
253 3287 297 3326 et
319 3283 514 3339 Ruulyo
576 3284 630 3326 20
662 3283 771 3326 haec
794 3282 856 3327 R¹
917 3284 969 3326 21
996 3282 1301 3337 longae<uae>
1329 3282 1509 3335 scripsi.-
1537 3282 1696 3336 longae
1719 3280 1820 3323 MR
1880 3281 1934 3323 22
1960 3281 2031 3323 (16-

174 3356 386 3408 struebat,
417 3370 503 3398 non
534 3355 713 3406 MFR3,
745 3355 1002 3398 destruebat
1030 3353 1094 3398 R1
1227 3354 1281 3396 ad
1314 3354 1418 3396 add.
1450 3354 1526 3408 R3,
1558 3367 1639 3398 om.
1671 3353 1802 3397 MR1·
1907 3354 1961 3395 23
1993 3352 2030 3394 61

172 3430 355 3484 scripsi:
390 3430 427 3472 61
461 3429 534 3485 (1111
565 3430 664 3473 MR
753 3430 808 3471 24
842 3430 915 3484 qui
947 3443 1033 3471 non
1062 3429 1244 3482 scripsi:
1279 3442 1365 3470 non
1396 3427 1496 3471 MR
