2248 3646
510 278 605 320 VH.
635 278 897 320 Aduersus
927 271 1238 319 Marcionem
1267 278 1340 319 lib.
1373 278 1416 319 II
1447 278 1625 319 21—22.
1877 282 1977 330 365

174 450 372 500 neque
405 434 717 484 seruietis
750 433 908 484 illis.
951 433 1196 497 serpentis
1223 435 1389 482 autem
1416 433 1554 482 aenei
1581 433 1771 498 effigies
1805 437 1979 498 postea

171 524 434 587 praecepta
463 520 629 583 Moysi
659 535 686 568 a
718 519 915 568 domino
950 535 1045 568 non
1079 519 1138 567 ad
1170 519 1428 568 idolatriae
1454 519 1658 568 titulum
1685 519 1977 583 pertinebat,

173 607 258 657 sed
302 606 365 656 ad
407 605 751 655 remediandos
798 620 899 662 eos,
947 604 1031 668 qui
1078 620 1104 653 a
1143 604 1456 667 serpentibus
1496 605 1872 654 infestabantur.
1930 608 1977 653 et

171 694 310 740 taceo
351 691 410 740 de
456 690 612 756 figura
664 689 883 738 remedii.
938 690 1008 739 sic
1064 691 1113 738 et
1159 688 1406 739 Cherubin
1449 692 1498 739 et
1540 689 1777 754 Seraphin
1832 705 1979 738 aurea

122 777 218 827 5111
271 791 408 825 arcae
460 775 730 840 figuratum
785 775 1087 838 exemplum,
1151 778 1282 823 certe
1347 775 1555 839 simplex
1617 778 1977 824 ornamentum.

172 861 550 912 adcommodata
603 860 883 924 suggestui,
937 860 1083 924 longe
1137 859 1360 909 diuersas
1414 860 1640 910 habendo
1695 876 1870 910 causas
1918 860 1976 909 ab

170 947 429 996 idolatriae
488 945 789 1004 condicione,
846 945 905 994 ob
972 960 1118 1008 quam
1184 945 1462 995 similitudo
1523 946 1830 1010 prohibetur,
1884 961 1978 995 non

170 1032 405 1082 uidentur
443 1031 829 1081 similitudinum
865 1030 1229 1094 prohibitarum
1268 1031 1369 1095 legi
1409 1031 1662 1096 refragari,
1701 1046 1796 1081 non
1836 1031 1884 1080 in
1925 1046 1980 1080 eo

170 1117 512 1166 similitudinis
547 1119 681 1165 statu
714 1115 1035 1179 deprehensa,
1078 1115 1136 1164 ob
1172 1131 1319 1179 quern
1353 1116 1631 1166 similitudo
1670 1117 1976 1180 prohibetur.

102 1221 140 1250 ιο
172 1203 384 1251 diximus
410 1202 467 1250 de
502 1201 856 1251 sacrificiorum
889 1200 1118 1249 rationali
1149 1201 1480 1262 institutione,
1514 1204 1753 1251 auocante
1786 1201 1979 1251 scilicet

172 1290 229 1337 ab
275 1287 423 1337 idolis
471 1287 529 1335 ad
570 1288 716 1335 deum
757 1285 918 1336 officia
966 1301 1036 1346 ea,
1079 1301 1203 1349 quae
1243 1287 1285 1335 si
1321 1301 1494 1335 rursus
1535 1287 1746 1336 eiecerat
1787 1286 1976 1335 dicens:

172 1389 285 1436 quo
332 1372 485 1422 mihi
525 1371 1017 1421 multitudinem
1058 1371 1541 1420 sacrificiorum
1580 1372 1977 1422 uestrorum?

171 1461 261 1508 hoc
293 1459 458 1523 ipsum
491 1458 655 1506 uoluit
684 1456 930 1521 intellegi,
971 1456 1102 1519 quod
1134 1471 1227 1505 non
1262 1456 1357 1505 sibi
1390 1472 1446 1505 ea
1483 1457 1677 1520 proprie
1717 1458 1979 1521 exegisset.

171 1559 284 1592 non
333 1543 492 1592 enim
540 1542 769 1600 bibam,
816 1541 997 1605 inquit,
1045 1541 1420 1606 sanguinem
1467 1543 1809 1603 taurorum,
1864 1542 1980 1605 quia

102 1645 140 1675 15
172 1632 221 1679 et
265 1629 384 1677 alibi
430 1628 522 1677 ait:
586 1627 739 1676 deus
789 1629 1095 1676 aeternus
1149 1642 1264 1676 non
1320 1627 1566 1676 esuriet
1617 1642 1726 1677 nec
1775 1628 1976 1678 sitiet.

168 1729 280 1763 nam
334 1714 427 1762 etsi
482 1713 543 1762 ad
597 1712 874 1762 oblationes
929 1712 1100 1761 Abelis
1155 1711 1373 1761 aduertit
1425 1718 1475 1761 et
1526 1712 1820 1762 holocausta
1870 1713 1977 1762 Noe

169 1799 401 1847 odoratus
449 1800 526 1847 est
569 1798 795 1857 libenter,
850 1812 975 1860 quae
1019 1796 1302 1846 iocunditas
1349 1798 1456 1846 siue
1510 1798 1763 1847 uiscerum
1817 1797 1978 1847 berbi-

168 1885 388 1933 cinorum
408 1883 515 1932 siue
540 1883 727 1932 nidoris
747 1882 1026 1931 ardentium
1045 1882 1396 1932 uictimarum?
1437 1883 1522 1932 sed
1548 1883 1740 1932 animus
1769 1883 1977 1947 simplex

169 1971 218 2018 et
263 1969 410 2018 deum
456 1971 684 2018 metuens
733 1967 1047 2018 offerentium
1102 1983 1173 2027 ea,
1229 1983 1354 2032 quae
1409 1984 1434 2017 a
1486 1968 1575 2019 deo
1628 1969 1878 2019 habebant
1930 1973 1979 2018 et

98 2058 137 2101 2'0
167 2054 337 2118 pabuli
376 2057 423 2102 et
456 2055 626 2103 suauis
660 2052 890 2113 olentiae,
930 2053 1118 2117 gratiae
1151 2053 1281 2116 apud
1314 2053 1460 2102 deum
1493 2054 1842 2117 deputabatur,
1882 2070 1976 2104 non

168 2154 292 2202 quae
323 2138 507 2188 fiebant
537 2138 829 2204 exigentem,
870 2138 959 2188 sed
988 2138 1129 2198 illud,
1161 2140 1364 2202 propter
1403 2139 1533 2202 quod
1565 2139 1764 2199 fiebant,
1800 2140 1860 2189 ob
1891 2141 1977 2189 ho-

166 2239 333 2274 norem
381 2225 458 2274 dei
505 2225 713 2274 scilicet.
775 2225 818 2273 si
863 2225 1017 2274 cliens
1058 2224 1204 2273 diuiti
1243 2228 1331 2274 aut
1367 2225 1474 2290 regi
1512 2225 1636 2274 nihil
1676 2225 1975 2275 desideranti

165 2312 330 2359 tamen
391 2310 580 2373 aliquid
638 2309 877 2359 uilissimi
936 2309 1222 2359 munusculi
1292 2310 1544 2371 obtulerit,
1614 2311 1867 2374 quantitas
1928 2314 1977 2360 et

168 2395 381 2457 qualitas
426 2395 646 2444 muneris
693 2394 966 2445 infuscabit
1011 2395 1221 2444 diuitem
1267 2397 1318 2445 et
1362 2410 1546 2461 regem,
1602 2411 1659 2445 an
1707 2396 1978 2446 delectabit

96 2496 137 2527 25
166 2480 346 2529 titulus
372 2480 556 2530 officii?
576 2483 628 2530 at
651 2481 694 2530 si
721 2481 875 2530 cliens
900 2480 945 2529 ei
970 2495 1175 2530 munera
1198 2480 1327 2545 <uel>
1351 2482 1483 2531 ultro
1509 2481 1591 2530 uel
1616 2481 1764 2530 etiam
1789 2481 1978 2530 indicta

166 2565 333 2614 ordine
383 2581 473 2615 suo
522 2565 696 2615 offerat
741 2569 790 2615 et
835 2565 1096 2616 sollemnia
1140 2567 1274 2631 regis
1323 2567 1572 2624 obseruet,
1626 2581 1720 2616 non
1775 2582 1829 2616 ex
1877 2566 1974 2616 fide

163 2653 330 2700 tamen
367 2667 456 2701 nec
497 2652 641 2701 corde
681 2667 802 2715 puro
836 2666 923 2701 nec
956 2652 1100 2715 pleno
1135 2652 1266 2701 circa
1297 2656 1459 2701 cetera
1490 2667 1686 2716 quoque
1719 2653 1975 2716 obsequiO,

277 2750 346 2802 2]
381 2749 431 2791 cf.
463 2750 590 2790 Num.
622 2749 689 2798 29,
721 2750 844 2791 8—9.
937 2750 1005 2803 12]
1033 2749 1107 2790 Es.
1143 2751 1178 2802 1,
1214 2751 1277 2790 11.
1369 2749 1435 2804 14]
1468 2749 1524 2790 ib.
1610 2750 1676 2803 15]
1702 2749 1775 2792 Es.
1807 2750 1878 2801 40,
1908 2751 1975 2791 28.

169 2821 235 2873 16]
269 2820 319 2861 cf.
353 2820 456 2862 Gen.
488 2822 527 2873 4,
560 2823 599 2862 4.
717 2821 771 2861 cf.
803 2819 904 2861 Gen.
938 2820 977 2872 8,
1008 2821 1075 2862 21.

225 2906 244 2945 1
279 2904 437 2946 efficies
466 2905 524 2944 M
633 2907 660 2946 4
691 2904 904 2947 Cherubin
945 2907 989 2946 et
1020 2905 1229 2959 Seraphin
1261 2910 1398 2948 neutr.
1429 2919 1521 2958 qen.
1554 2906 1609 2958 cf.
1640 2905 1783 2946 Eoeod.
1817 2907 1889 2954 25,
1921 2908 1978 2946 17

169 2976 302 3030 (Eny)
395 2975 441 3016 in
473 2989 592 3017 arcae
623 2975 852 3029 figuratum
884 2976 1119 3029 exemplum
1152 2976 1259 3029 (scil.
1293 2978 1450 3028 erant.)
1480 2974 1621 3024 =‹333
1652 2977 1813 3017 τυπικὸν
1844 2975 1976 3030 παρά-

168 3045 297 3100 ὃυγμα
325 3040 376 3100 ἦν
408 3051 484 3100 τῆς
513 3046 691 3099 κιβωτοῦ
824 3047 874 3087 10
907 3048 1115 3088 auocante
1146 3046 1281 3087 Pam:
1315 3046 1534 3087 auocantis
1564 3045 1675 3097 ΜΕ,
1707 3047 1902 3087 auocanti
1933 3046 1976 3088 R

169 3116 218 3155 16
251 3115 384 3156 abelis
406 3116 472 3168 M,
504 3116 600 3157 abel
625 3116 665 3158 R
752 3116 940 3158 aduertit
963 3116 1036 3170 123³,
1069 3116 1257 3158 aduertis
1281 3116 1396 3158 ΜΕ1
1466 3117 1514 3157 17
1539 3115 1851 3157 berbicinorum
1866 3116 1975 3164 ΜΕ,

166 3186 483 3227 ueruecinorum
513 3187 556 3229 R
658 3188 704 3227 21
743 3187 981 3240 exigentem
1012 3200 1099 3228 van
1131 3187 1204 3228 der
1241 3187 1379 3228 Vliet:
1413 3186 1623 3239 exigentis
1645 3185 1743 3227 MR
1829 3187 1882 3227 22
1907 3185 1976 3228 dei

167 3256 423 3307 scilicet4M,
456 3257 621 3299 scilicet
652 3256 719 3298 dei
750 3258 793 3300 R
889 3258 941 3299 24
971 3258 1288 3299 infuscabit...
1308 3257 1540 3298 delectabit
1570 3255 1626 3306 R,
1657 3257 1917 3298 infuscauit=
1938 3289 1974 3297 ..

167 3326 401 3369 delectauit
429 3328 530 3368 MF
613 3329 665 3369 25
697 3329 767 3370 uel
800 3328 901 3370 add.
933 3329 1033 3383 E‘ny
1147 3328 1309 3370 indicta
1338 3329 1515 3381 scripsi:
1544 3327 1659 3369 dicta
1683 3327 1748 3381 M,
1781 3327 1893 3370 dicto
1919 3327 1973 3376 R,

169 3411 215 3439 ex
247 3398 386 3441 edicto
418 3399 509 3440 Lat
601 3401 652 3440 27
686 3400 890 3453 obsequio
920 3413 1008 3450 van
1040 3400 1113 3441 der
1150 3400 1287 3442 Vliet:
1322 3399 1527 3453 obsequia
1555 3398 1654 3441 MR
