2340 3658
261 182 366 233 624
634 166 821 232 Quinti
854 180 1081 235 Septimi
1113 181 1394 224 Florentia
1427 182 1755 225 Tertulliani

261 341 636 393 suscitauit
669 341 1008 393 Christum
1043 358 1071 392 a
1102 343 1404 405 mortuis,
1445 343 1844 394 uiuificabit
1878 347 1937 394 et
1970 360 2124 395 mor-

258 429 424 481 talia
464 444 739 494 corpora
784 431 1028 481 uestra.
1081 429 1204 480 adeo
1248 432 1299 481 et
1339 431 1502 481 carnis
1541 430 1969 483 resurrectionem
2010 447 2123 482 con-

255 516 496 575 firmauit,
539 517 732 582 absque
773 532 872 582 qua
910 532 1002 568 nec
1035 532 1220 583 corpus
1254 517 1450 584 aliquid
1484 518 1584 569 dici
1618 519 1754 585 capit
1785 534 1877 570 nec
1909 518 2124 571 mortale

257 603 456 671 aliquid
494 604 745 671 intellegi,
795 606 843 655 et
886 603 1077 656 Christi
1117 605 1464 657 substantiam
1507 608 1819 672 corporalem
1858 606 2120 672 probauit3

259 692 514 757 siquidem
567 691 778 757 proinde
831 691 1236 744 uiuificabuntur
1289 696 1341 743 et
1392 694 1631 745 mortalia
1676 709 1887 760 corpora
1931 697 2121 758 nostra,

259 779 693 845 quemadmodum
735 781 785 830 et
821 780 910 831 ille
950 781 1294 832 resuscitatus
1329 784 1424 843 est,
1464 798 1560 833 non
1596 782 1722 835 alias
1754 782 1983 847 proinde,
2023 783 2123 834 nisi

258 868 377 934 quia
399 868 450 918 in
477 883 701 934 corpore.
802 868 940 920 Salio
968 872 1019 919 et
1042 869 1123 920 hic
1149 869 1527 936 amplissimum
1554 870 1830 935 abruptum
1850 870 2122 923 intercisae

256 955 555 1021 scripturae,
591 954 680 1005 sed
705 955 1028 1020 adprehendo
1053 956 1412 1007 testimonium
1444 957 1796 1022 perhibentem
1831 959 2123 1024 apostolum

256 1043 491 1106 Israheli,
535 1044 672 1110 quod
712 1044 879 1094 zelum
920 1044 1003 1094 dei
1041 1044 1279 1106 habeant,
1321 1044 1402 1095 sui
1442 1044 1639 1110 utique,
1686 1062 1785 1098 non
1822 1049 1994 1097 tamen
2033 1062 2124 1112 per

258 1131 544 1183 scientiam.
580 1131 764 1182 deum
799 1132 951 1193 enirn,
983 1132 1168 1198 inquit,
1201 1133 1589 1199 ignorantes
1626 1135 1688 1184 et
1720 1149 1899 1185 suam
1930 1133 2121 1184 iusti-

256 1219 414 1270 tiam
459 1219 707 1270 sistere
750 1222 1142 1285 quaerentes
1182 1236 1303 1271 non
1345 1221 1781 1272 subiecerunt
1821 1237 1885 1272 se
1932 1221 2123 1272 iusti-

256 1307 394 1357 tiae
444 1307 568 1367 dei;
627 1308 784 1359 finis
836 1307 1077 1358 etenim
1116 1308 1290 1375 legis
1334 1308 1644 1360 Christus
1683 1310 1744 1360 in
1783 1309 2123 1361 iustitiam

259 1394 427 1446 omni
469 1395 783 1448 credenti.
826 1395 908 1446 hic
952 1396 1047 1446 erit
1078 1397 1453 1463 argumentatio
1487 1397 1748 1460 haeretici,
1790 1398 1938 1463 quasi
1971 1397 2123 1449 deum

258 1482 573 1548 superiorem
627 1483 980 1550 ignorauerint
1032 1483 1225 1546 Iudaei,
1284 1485 1370 1550 qui
1419 1484 1666 1537 aduersus
1715 1501 1831 1537 eum
1865 1485 2123 1536 iustitiam

258 1585 422 1632 suam,
475 1569 529 1619 id
577 1573 655 1621 est
698 1571 829 1638 legis
872 1587 1011 1633 suae,
1070 1573 1448 1634 constituerint,
1496 1588 1593 1624 non
1634 1573 1941 1639 recipientes
1983 1571 2123 1624 Chri-

257 1660 412 1718 stum,
462 1657 614 1709 finem
652 1659 803 1725 legiS.
853 1675 943 1710 cur
983 1675 1101 1727 ergo
1144 1661 1251 1711 zelo
1293 1676 1467 1712 eorum
1506 1676 1627 1728 erga
1666 1661 1819 1711 deum
1857 1660 2122 1728 proprium

254 1744 612 1795 testimonium
653 1746 903 1810 perhibet,
945 1746 988 1796 si
1028 1762 1125 1798 non
1166 1750 1218 1798 et
1254 1747 1511 1799 inscitiam
1552 1763 1672 1815 erga
1710 1747 1927 1799 eundem
1968 1748 2121 1798 deum

256 1831 328 1882 eis
385 1832 668 1899 exprobrat,
719 1833 855 1898 quod
911 1835 1019 1885 zelo
1062 1835 1269 1901 quidem
1310 1836 1391 1887 dei
1432 1838 1720 1903 agerentur,
1769 1835 1859 1887 sed
1896 1852 1995 1888 non
2032 1852 2122 1901 per

256 1919 542 1982 scientiam,
591 1921 887 1988 ignorantes
930 1923 1131 1974 scilicet
1170 1939 1303 1987 eum,
1352 1923 1475 1975 dum
1514 1924 1878 1990 dispositiones
1919 1924 2028 1975 eius
2068 1924 2119 1974 111

256 2005 459 2059 Christo
498 2007 736 2075 ignorant
775 2012 1270 2062 consummationem
1312 2012 1418 2078 legi
1456 2014 1654 2063 staturo
1688 2016 1840 2078 atque
1869 2011 1944 2063 ita
1974 2026 2119 2063 suam

252 2093 508 2145 iustitiam
554 2098 765 2147 tuentur
810 2096 1060 2149 aduersus
1106 2098 1272 2148 illum.
1329 2101 1484 2165 atque
1524 2099 1647 2150 adeo
1686 2098 1798 2166 ipse
1839 2101 2033 2150 creator
2071 2102 2121 2150 et

252 2180 594 2248 ignorantiam
652 2199 771 2252 erga
825 2200 878 2236 se
935 2199 1112 2237 eorum
1161 2189 1501 2238 contestatur:
1556 2187 1816 2239 Israhel
1862 2204 1953 2238 me
2000 2202 2119 2238 11011

256 2270 534 2336 agnouit
574 2275 635 2322 et
674 2273 964 2339 populus
1005 2290 1096 2325 me
1135 2290 1254 2325 non
1295 2275 1661 2338 intellexit,
1711 2279 1761 2327 et
1801 2275 1937 2341 quod
1973 2275 2120 2326 iusti-

252 2357 379 2408 tiam
434 2374 580 2409 suam
627 2360 793 2427 magis
850 2361 1115 2413 sisterent:
1174 2362 1490 2415 docentes
1546 2364 1885 2416 doctrinas
1945 2379 2120 2430 prae-

255 2447 446 2510 cepta
499 2447 850 2511 hominum,
907 2465 998 2500 nec
1050 2466 1147 2502 non
1203 2453 1255 2502 et
1307 2452 1605 2521 congregati
1652 2454 1825 2503 essent
1870 2451 2118 2503 aduersus
2173 2476 2194 2498 ο

254 2533 516 2585 dominum
572 2539 622 2586 et
675 2536 924 2588 aduersus
981 2537 1245 2591 Christum
1297 2539 1482 2605 ipsius,
1539 2555 1595 2591 ex
1647 2538 1853 2592 inscitia
1906 2538 2116 2591 scilicet.

252 2620 382 2671 nihil
432 2622 595 2689 igit-ur
639 2626 814 2689 potest
857 2625 908 2676 in
957 2626 1116 2677 alium
1157 2626 1310 2678 deum
1349 2627 1547 2694 exponi,
1603 2627 1740 2694 quod
1780 2627 2028 2694 competit
2064 2627 2116 2678 in

254 2712 549 2774 creatorem,
593 2711 712 2777 quia
752 2715 803 2763 et
842 2714 967 2764 alias
1006 2714 1244 2766 inmerito
1285 2717 1554 2781 apostolus
1594 2715 1811 2767 Iudaeos
1861 2714 1923 2766 de
1966 2716 2114 2782 igno-

399 2840 443 2894 9]
478 2839 531 2883 cf.
564 2841 687 2884 nom.
724 2842 789 2893 10,
826 2843 863 2885 1.
956 2842 1010 2886 cf.
1042 2844 1168 2888 Rom.
1202 2845 1269 2898 10,
1301 2845 1342 2887 2.
1407 2844 1476 2901 10]
1508 2845 1631 2889 Rom.
1667 2845 1735 2899 10,
1766 2845 1893 2888 3-4.
1956 2845 2026 2901 16]
2060 2846 2114 2889 ef.

257 2910 376 2953 Rom.
411 2913 478 2963 10,
513 2914 550 2956 1.
633 2914 704 2970 22]
737 2914 812 2957 Es.
848 2916 885 2966 1,
919 2917 959 2959 3.
1043 2917 1115 2973 24]
1146 2917 1306 2960 Matth.
1345 2918 1411 2969 15,
1444 2919 1483 2962 9.
1516 2918 1572 2961 cf.
1605 2918 1676 2961 Es.
1710 2919 1778 2971 29,
1814 2917 1879 2961 13.
1954 2918 2025 2974 25]
2061 2918 2113 2961 cf.

254 2984 322 3025 Ps.
356 2985 396 3036 2,
428 2987 467 3027 2.

315 3089 335 3129 1
369 3089 617 3131 uiuificabit
646 3089 722 3140 123,
755 3090 1001 3134 uiuifieauit
1024 3091 1146 3135 MR1
1204 3094 1230 3135 3
1264 3094 1430 3149 aliquid
1460 3095 1645 3149 scripsi:
1679 3093 1799 3136 aliud
1819 3093 1921 3136 MR
1979 3096 2008 3138 4
2032 3095 2112 3137 ali-

254 3160 360 3214 quid
389 3162 570 3215 scripsi:
602 3162 724 3205 aliud
753 3163 854 3207 MR
943 3166 968 3207 5
1001 3168 1152 3208 nostra
1180 3166 1238 3221 R,
1270 3169 1420 3209 uestra
1448 3167 1506 3209 M
1603 3167 1655 3210 10
1687 3166 1834 3209 deum:
1866 3168 1936 3210 ita
1966 3168 2116 3222 leqisse

252 3233 433 3276 uidetur
462 3235 678 3278 Marcion
701 3250 789 3290 pro
823 3237 892 3280 dei
923 3238 1140 3281 iustitiam
1172 3240 1226 3293 cf.
1262 3239 1289 3282 l.
1321 3240 1378 3282 13
1408 3254 1497 3295 sqq.
1642 3241 1695 3282 12
1724 3233 1942 3282 iustitiam
1972 3240 2114 3283 Pam:

251 3307 425 3349 iustitia
454 3307 555 3351 MR
661 3310 713 3351 16
742 3311 855 3364 <et>
882 3311 973 3352 zelo
1011 3310 1094 3353 Gez
1199 3313 1249 3353 17
1280 3312 1500 3355 inscitiam
1531 3311 1665 3366 MR1,
1696 3313 1971 3355 inscientiam
2002 3312 2110 3356 R³G

251 3380 385 3434 u-ulyo
474 3381 529 3423 23
560 3383 748 3438 populus
776 3386 961 3438 (meus)
996 3383 1079 3426 Get
1164 3385 1219 3427 26
1249 3385 1484 3427 inscientia
1511 3385 1628 3428 Pam

2155 1150 2196 1180 10

2154 1587 2194 1618 15

2150 2025 2193 2056 20
