2248 3646
217 178 319 229 576
590 176 780 229 Quinti
815 176 1045 232 Septimi
1078 176 1353 219 Florentis
1387 177 1715 220 Tertulliani

215 336 608 403 superinductos
657 337 791 399 illos,
849 340 899 388 et
947 337 1182 388 omnibus
1230 337 1511 388 nouissime
1552 337 1719 388 omnia
1758 336 1965 401 factum,
2018 341 2075 388 ut

214 439 388 475 omnes
436 424 738 475 lucraretur.
792 424 834 475 si
881 425 1007 476 haec
1048 440 1250 489 quoque
1290 425 1524 491 intellegi
1564 440 1621 475 ex
1659 425 1755 475 hoc
1793 425 2072 491 postulant,

212 511 265 562 id
315 527 516 577 quoque
565 526 712 562 nemo
763 511 1035 575 dubitabit,
1084 511 1193 562 eius
1236 511 1316 562 dei
1357 514 1406 562 et
1447 510 1636 563 Christi
1673 512 2072 578 praedicatorem

214 599 452 660 Paulum,
503 599 647 650 cuius
688 599 874 666 legem,
925 599 1159 664 quamuis
1202 599 1488 662 excludenS,
1534 601 1738 650 interim
1776 604 1945 651 tamen
1984 616 2073 666 pro

211 686 532 752 temporibus
588 686 879 747 admiserat,
937 687 1113 737 statim
1167 687 1523 749 amoliendam,
1580 687 1622 738 si
1676 703 1867 738 nouum
1921 687 2070 738 deum

211 773 526 839 protulisset.
589 774 717 824 bene
781 774 956 840 igitur,
1020 773 1156 839 quod
1220 777 1269 825 et
1324 774 1552 826 dexteras
1607 774 1766 826 Paulo
1829 775 2076 826 dederunt

213 861 395 911 Petrus
461 864 510 911 et
563 860 783 911 lacobus
848 864 897 911 et
949 860 1198 912 Iohannes
1264 865 1315 911 et
1376 861 1435 912 de
1498 861 1652 913 officii
1716 862 2075 913 distributione

211 948 535 1015 pepigerunt,
598 951 657 999 ut
709 948 902 999 Paulus
964 947 1014 998 in
1070 948 1318 1010 nationes,
1379 949 1458 998 illi
1511 949 1562 999 in
1617 949 2074 1011 circumcisionem,

210 1038 413 1086 tantum
468 1038 527 1086 ut
580 1035 941 1086 meminissent
987 1051 1290 1103 egenorum:
1340 1039 1391 1086 et
1436 1036 1530 1088 hoc
1579 1037 1861 1088 secundum
1906 1036 2075 1104 legem

213 1122 473 1185 creatoriS‚
513 1138 764 1189 pauperes
800 1128 850 1174 et
883 1139 1070 1191 egenos
1104 1123 1344 1185 fouentiS,
1380 1124 1516 1175 sicut
1545 1124 1595 1175 in
1630 1124 1884 1192 euangelii
1915 1125 2075 1175 uestri

209 1213 488 1262 retractatu
542 1211 815 1278 probatum
871 1214 964 1263 est.
1029 1211 1153 1262 adeo
1209 1214 1411 1263 constat
1465 1212 1526 1263 de
1578 1213 1691 1280 lege
1746 1212 1855 1264 sola
1913 1211 2074 1263 fuisse

212 1298 582 1364 quaestionem,
623 1299 744 1349 dum
779 1299 1068 1351 ostenditur
1101 1299 1223 1365 quid
1256 1315 1313 1350 ex
1343 1301 1457 1367 lege
1483 1300 1731 1352 custodiri
1764 1301 2071 1352 conuenerit.

211 1386 317 1436 ‘sed
363 1386 689 1451 reprehendit
727 1386 937 1437 Petrum
979 1403 1075 1438 non
1116 1390 1253 1438 recto
1294 1387 1422 1454 pede
1461 1388 1780 1439 incedentem
1822 1389 1885 1439 ad
1924 1404 2073 1439 euan-

210 1473 332 1540 gelii
371 1474 678 1525 ueritatem'.
719 1475 868 1541 plane
909 1475 1250 1542 reprehendit,
1292 1491 1390 1526 non
1433 1477 1494 1528 ob
1530 1476 1670 1527 aliud
1710 1480 1879 1528 tamen
1922 1492 2070 1542 quarn

210 1562 270 1611 ob
334 1562 729 1613 inconstantiam
802 1563 992 1626 uictuS,
1064 1579 1215 1629 quem
1278 1580 1366 1630 pro
1428 1580 1760 1630 personarum
1824 1564 2071 1631 qualitate

210 1650 456 1712 uariabat,
499 1650 687 1702 timens
737 1667 839 1713 θος,
884 1652 970 1717 qui
1011 1656 1151 1702 erant
1191 1667 1247 1703 ex
1288 1652 1694 1712 circumcisione,
1742 1668 1840 1704 non
1882 1652 1943 1704 ob
1985 1652 2072 1702 ali-

209 1754 360 1803 quam
387 1738 675 1790 diuinitatis
703 1739 1074 1801 diuersitatem,
1102 1739 1161 1790 de
1196 1756 1295 1805 qua
1329 1746 1379 1791 et
1412 1741 1525 1791 aliis
1559 1741 1608 1792 in
1643 1741 1824 1792 faciem
1855 1741 2071 1791 restitis-

209 1828 288 1875 set
320 1825 492 1891 quide
518 1826 714 1877 minore
742 1842 897 1878 causa
929 1828 1331 1879 conuersationis
1366 1828 1636 1895 ambiguae
1667 1829 1818 1880 Petro
1843 1828 1946 1895 ipsi
1975 1844 2070 1879 non

207 1914 450 1980 pepercit,
494 1914 538 1965 si
578 1915 834 1980 quemodo
875 1915 1208 1967 Marcionitae
1249 1917 1434 1967 uolunt
1480 1916 1850 1984 credi<disset.>
1997 1916 2071 1968 De

208 2006 375 2054 cetero
431 2006 612 2069 pergat
668 2002 933 2069 apostolus
987 2019 1178 2071 negans
1235 2020 1291 2055 ex
1340 2005 1577 2071 operibus
1625 2005 1757 2073 legis
1802 2005 2070 2057 iustificari

207 2089 465 2142 hominem
506 2090 597 2141 sed
639 2106 694 2142 ex
740 2090 857 2152 fide,
900 2091 1009 2142 eius
1061 2092 1356 2143 dumtamen
1413 2092 1508 2154 dei,
1551 2094 1697 2144 cuius
1750 2096 1799 2144 et
1843 2094 1939 2146 lex,
1981 2108 2070 2144 nec

207 2177 338 2228 enim
364 2177 652 2229 laborasset
684 2178 836 2230 fidem
870 2194 898 2228 a
928 2180 1042 2246 lege
1077 2179 1379 2243 discernere,
1413 2197 1564 2246 quarn
1600 2181 1874 2232 diuersitas
1905 2181 2069 2247 ipsius

207 2265 494 2317 diuinitatis
520 2266 654 2318 ultro
684 2266 1033 2328 discreuisset,
1070 2268 1111 2319 si
1144 2268 1343 2319 fuisset.
1376 2270 1557 2319 merito
1585 2285 1682 2320 non
1714 2268 2072 2321 reaedificabat

207 2368 335 2419 quae
370 2353 637 2405 destruxit.
681 2354 875 2406 destrui
910 2358 1079 2407 autem
1114 2356 1192 2406 lex
1226 2356 1421 2417 habuit,
1466 2372 1521 2407 ex
1563 2372 1661 2422 quo
1701 2372 1800 2407 uox
1831 2356 2070 2408 Iohannis

209 2441 454 2497 clamauit
492 2443 542 2493 in
585 2458 777 2494 eremo:
825 2446 1039 2508 parate
1086 2443 1218 2496 uias
1269 2444 1511 2506 domini,
1560 2447 1619 2496 ut
1663 2444 1845 2496 fierent
1881 2444 1980 2494 riui
2021 2446 2071 2495 et

209 2529 366 2581 colles
415 2534 463 2580 et
512 2534 711 2582 montes
758 2531 941 2598 repleti
990 2536 1038 2583 et
1099 2533 1359 2583 humiliati
1406 2536 1456 2584 et
1501 2536 1735 2585 tortuosa
1789 2536 1837 2584 et
1891 2549 2072 2600 aspera

206 2618 254 2668 in
309 2618 669 2670 rectitudinem
727 2623 778 2670 et
829 2620 878 2670 in
936 2636 1159 2687 campOS,
1217 2621 1267 2671 id
1323 2624 1401 2672 est
1451 2622 1581 2689 legis
1637 2621 1968 2674 difficultates
2018 2622 2069 2672 in

355 2719 393 2775 1]
412 2719 464 2763 cf.
483 2719 504 2762 I
523 2719 618 2763 Cor.
637 2722 675 2771 9,
696 2721 763 2763 22.
855 2722 988 2778 6-9]
1015 2721 1066 2765 cf.
1092 2721 1186 2765 Gal.
1214 2723 1252 2773 2,
1280 2722 1434 2765 9—10.
1521 2722 1590 2778 13]
1617 2722 1669 2765 cf.
1696 2721 1790 2765 Gal.
1818 2723 1857 2777 2,
1887 2723 2067 2766 11—14.

210 2791 277 2848 16]
312 2792 364 2835 cf.
401 2792 494 2836 Gal.
528 2794 566 2844 2,
603 2794 669 2836 12,
736 2795 802 2850 17]
833 2795 885 2838 cf.
913 2795 1007 2839 Gal.
1035 2796 1076 2846 2,
1104 2796 1168 2840 14.
1231 2796 1301 2851 20]
1338 2795 1390 2838 cf.
1427 2795 1520 2838 Gal.
1556 2797 1595 2851 2,
1623 2796 1805 2840 15—16.
1867 2796 1938 2851 25]
1965 2796 2065 2838 Luc.

206 2865 246 2919 3,
280 2866 320 2909 4.
354 2865 407 2908 cf.
439 2865 512 2911 Es.
544 2868 615 2920 40,
649 2869 776 2914 3—5.

265 2955 284 2995 1
312 2954 706 3010 superinducticios
731 2956 848 3006 Pam
910 2956 935 2999 3
960 2956 1184 3000 dubitauit
1208 2957 1266 2999 M
1323 2958 1348 2999 5
1375 2956 1696 3003 admoliendam
1722 2957 1782 2999 M
1837 2957 1862 2999 8
1888 2957 2066 3000 circum-

207 3026 368 3069 cisione
401 3027 462 3081 Μ
524 3028 549 3071 9
580 3029 679 3084 lege
703 3029 764 3072 M
836 3030 1124 3074 12--uenerit
1154 3031 1214 3073 M
1240 3032 1288 3073 in
1319 3045 1409 3073 ras.
1490 3032 1540 3073 17
1574 3030 1876 3073 diuersitatem
1908 3031 2069 3084 scripsi

205 3101 277 3155 (cf.
315 3101 341 3143 Z.
369 3103 470 3152 222:
504 3102 842 3157 peruersitatem
863 3103 965 3147 MR
1057 3105 1109 3147 19
1132 3105 1343 3160 pepercit,
1370 3105 1405 3146 si
1428 3105 1605 3158 scripsi:
1641 3104 1851 3160 pepercit.
1877 3104 1912 3146 si
1937 3104 2066 3147 MR¹.

204 3174 414 3229 pepercit.
440 3175 516 3217 sed
532 3174 593 3217 H3
608 3176 742 3231 uulyo
834 3176 1157 3232 credi<disset>
1179 3178 1359 3232 scripsi:
1383 3177 1511 3221 credi.
1530 3177 1658 3226 MM
1679 3176 1825 3219 credi?
1842 3176 1903 3218 R3
1918 3177 2065 3232 uulyo,

205 3247 308 3302 Eny
340 3252 479 3290 totum
509 3249 626 3292 hunc
658 3249 801 3293 locum
831 3251 895 3293 sic
916 3251 1091 3294 restitui
1109 3251 1235 3294 uult:
1264 3252 1315 3304 si,
1347 3250 1564 3306 quomodo
1596 3250 1881 3292 Marcionitae
1914 3251 2067 3292 uolunt

206 3320 337 3370 credi,
365 3321 417 3363 de
448 3321 609 3364 Petro
642 3326 799 3378 pergat
824 3323 1061 3379 apostolus,
1087 3338 1254 3380 negans
1280 3328 1354 3367 etc.
1417 3325 1465 3366 21
1496 3324 1587 3366 eius
1614 3324 1863 3366 dumtamen
1888 3325 2064 3378 scripsi.-

203 3393 398 3437 eiusdem
428 3396 577 3438 tamen
606 3396 706 3438 MR

2108 1145 2148 1175 10

2106 1582 2143 1612 15

2102 2022 2145 2052 20

2103 2461 2142 2492 25
