2248 3646
883 271 1228 312 Praefatio.
1876 273 1948 323 ,XI

131 442 250 490 pore
302 426 542 477 traditum
588 427 844 477 habemus
899 442 1200 491 quamquam
1247 441 1341 476 non
1373 427 1611 477 maiorem
1649 428 1794 478 nobis
1833 445 1948 494 sup-

131 514 298 577 petere
351 512 738 577 comparationis
789 512 1049 561 materiam
1097 526 1399 576 magnopere
1447 511 1713 562 dolendum
1751 516 1845 575 est,
1897 514 1950 563 id

130 598 298 647 tamen
352 598 664 664 singulorum
721 597 947 647 locorum
1007 596 1337 662 castigatione
1397 596 1766 648 demonstrasse
1825 598 1949 648 mihi

129 681 319 746 uideor,
358 698 475 748 prae
526 683 805 746 antiquiore
857 681 1098 731 memoria
1150 681 1380 731 omnibus
1425 682 1527 731 fere
1578 682 1628 731 in
1672 682 1798 733 locis
1837 699 1947 733 con-

131 766 446 816 temnendam
485 782 596 818 esse
633 767 975 826 recentiorem,
1013 765 1222 816 traxisse
1261 768 1430 815 autem
1467 766 1607 816 illam
1645 767 1777 817 hunc
1820 783 1948 817 mor-

129 852 251 902 bum
288 869 384 903 non
421 855 526 903 tam
564 868 620 902 ex
656 852 847 902 incuria
883 851 1198 901 librariorum
1230 866 1378 915 quam
1410 867 1467 900 ex
1496 852 1701 902 libidine
1734 853 1947 916 quadam

130 937 466 988 audacissima
516 937 810 1003 corrigendi,
864 952 989 1001 quae
1042 951 1131 985 nec
1179 936 1237 985 ab
1284 937 1635 987 immutatione
1675 938 1945 988 uerborum

127 1022 440 1073 abhorruerit
461 1038 550 1073 nec
581 1022 641 1072 ab
675 1021 945 1072 omissione
976 1036 1065 1070 nec
1098 1020 1158 1069 ab
1189 1020 1591 1085 interpolatione.
1622 1021 1745 1071 haec
1776 1024 1943 1072 textus

129 1108 392 1157 temeraria
421 1109 644 1158 recensio
690 1110 861 1156 utrum
908 1106 1082 1156 eodem
1126 1105 1272 1155 modo
1319 1121 1406 1169 per
1448 1108 1611 1155 totum
1660 1121 1838 1171 corpus
1879 1107 1947 1156 sit

131 1192 354 1242 adhibita
377 1208 436 1242 an
453 1193 504 1243 in
521 1192 773 1256 aliquibus
792 1193 991 1241 tantum
1008 1190 1167 1250 libris,
1194 1190 1342 1240 certis
1361 1192 1669 1255 argumentis
1687 1197 1947 1256 propterea

129 1277 338 1340 probare
361 1293 457 1327 non
482 1292 769 1343 possumUS,
804 1275 920 1340 quia
944 1275 1131 1340 ubique
1165 1274 1396 1325 destituti
1429 1291 1604 1325 sumus
1641 1277 1943 1342 Agobardini

126 1363 243 1412 libri
266 1363 471 1423 auxilio;
490 1366 657 1413 tamen
683 1362 947 1422 neminem,
973 1361 1058 1425 qui
1081 1360 1464 1425 interpretandis
1490 1361 1641 1411 huius
1667 1362 1940 1413 uoluminis

126 1447 269 1498 libris
320 1449 655 1513 impertinerit
704 1448 941 1507 laborem,
997 1446 1344 1496 dubitaturum
1391 1461 1501 1497 esse
1540 1449 1681 1511 puto,
1737 1447 1854 1511 quin
1893 1448 1942 1497 in

130 1534 360 1583 omnibus
398 1534 589 1597 passim
629 1532 1058 1598 deprehendantur
1096 1535 1433 1582 correctorum
1477 1548 1672 1593 manUS,
1726 1534 1944 1597 exceptis

129 1617 341 1668 fortasse
370 1618 513 1669 libris
544 1618 787 1668 aduersus
808 1616 1166 1680 Hermoyenem
1197 1619 1247 1666 et
1276 1616 1517 1666 aduersus
1552 1617 1945 1679 Valentinianos,

130 1718 337 1767 quorum
379 1706 481 1753 tam
519 1703 702 1753 misera
741 1705 817 1752 est
855 1702 1095 1762 condiciO,
1135 1704 1189 1750 ut
1230 1716 1257 1750 a
1289 1716 1541 1765 quoquam
1573 1716 1657 1752 eos
1696 1704 1944 1752 correctos

130 1803 240 1838 esse
265 1787 396 1837 haud
419 1788 565 1838 facile
598 1787 787 1837 credas,
821 1802 877 1836 ac
908 1785 1216 1835 medelarum
1246 1786 1448 1835 illarum
1480 1802 1710 1852 magnam
1743 1786 1943 1851 quidem

133 1876 325 1937 partem
365 1874 562 1924 omnino
602 1888 693 1923 nos
734 1872 1009 1937 fugituram
1047 1886 1191 1921 nemo
1231 1886 1327 1920 non
1366 1871 1561 1921 uidebit
1590 1872 1674 1936 qui
1707 1872 1947 1921 examina-

130 1959 261 2008 uerit
312 1958 734 2024 comparationem
789 1973 815 2006 a
868 1972 946 2006 me
998 1957 1309 2015 institutam;
1363 1956 1434 2005 ita
1479 1956 1610 2007 enim
1654 1957 1947 2022 plerumque

135 2046 252 2094 sunt
290 2044 559 2105 adhibitae,
606 2046 677 2104 ut,
717 2042 815 2093 nisi
854 2041 1095 2108 genuinae
1134 2040 1402 2092 memoriae
1440 2045 1638 2106 praesto
1679 2042 1747 2091 sit
1783 2043 1946 2103 testiS,

128 2129 265 2178 nullo
307 2129 452 2179 modo
491 2129 688 2194 possint
726 2127 978 2193 cognosci,
1012 2126 1060 2175 in
1093 2127 1275 2191 quibus
1308 2142 1512 2177 numero
1551 2127 1798 2191 imprimis
1838 2143 1940 2189 eaS,

127 2229 253 2279 quae
280 2214 342 2264 ad
373 2215 599 2279 syntaxin
630 2215 891 2279 pertinent.
908 2212 944 2274 1)
994 2213 1163 2262 crebro
1205 2212 1412 2274 accidet,
1461 2216 1519 2263 ut
1564 2213 1650 2278 qui
1689 2214 1794 2263 stili
1832 2213 1947 2263 Ter-

130 2299 357 2350 tullianei
410 2300 532 2350 satis
573 2300 640 2351 sit
675 2298 867 2364 peritus
905 2313 999 2348 non
1041 2297 1252 2358 dubitet,
1306 2297 1424 2362 quin
1465 2299 1756 2348 correctoris
1795 2314 1945 2348 manu

127 2384 396 2435 immutata
435 2386 535 2436 sint
572 2385 725 2436 uerba
762 2384 1000 2444 auctoriS,
1039 2398 1201 2448 neque
1239 2399 1358 2434 uero
1397 2387 1594 2449 praeter
1623 2385 1945 2449 probabilita-

130 2473 233 2520 tem
273 2471 541 2536 quicquam
578 2473 773 2521 mutare
812 2469 1008 2520 audeat,
1060 2468 1222 2520 multo
1270 2484 1386 2520 sane
1424 2470 1625 2520 facilius
1672 2470 1944 2535 continget,

128 2557 187 2605 ut
222 2556 661 2621 interpretatorum
706 2557 878 2620 inepta
922 2554 1260 2607 additamenta
1310 2555 1694 2621 inuestigemUS‚
1748 2557 1845 2605 etsi
1896 2558 1945 2605 et

128 2641 221 2691 hac
257 2641 307 2691 in
345 2657 414 2704 re,
453 2658 548 2693 non
587 2644 883 2707 suppetente
916 2641 1111 2691 scilicet
1142 2640 1419 2706 antiquiore
1450 2641 1705 2702 memoria,
1745 2641 1943 2691 nutabit

128 2727 327 2790 saepius
351 2726 608 2778 iudicium.
637 2742 761 2792 quae
788 2743 900 2777 cum
925 2727 997 2777 ita
1020 2727 1136 2789 sint,
1170 2727 1384 2792 sapienti
1415 2727 1596 2791 cuique
1629 2727 1722 2776 erit
1753 2729 1941 2777 certum

123 2811 175 2862 in
207 2812 356 2864 huius
385 2813 658 2864 uoluminis
690 2813 890 2877 scriptis
922 2813 1260 2864 restituendae
1291 2827 1442 2862 uerae
1466 2812 1761 2863 Tertulliani
1794 2813 1942 2862 libro-

127 2913 237 2947 rum
291 2898 437 2949 faciei
488 2914 584 2949 non
634 2914 803 2963 parem
855 2900 959 2949 fore
1013 2901 1170 2949 artem
1217 2898 1459 2959 criticam,
1505 2897 1600 2947 nisi
1647 2898 1775 2948 forte
1822 2912 1941 2947 casu

127 2982 392 3048 aliquando
434 2984 645 3035 donetur
681 2986 824 3035 nobis
865 2985 1018 3036 codex
1054 3000 1149 3035 non
1189 2992 1461 3035 correctus

206 3068 437 3120 Ceterum
478 3069 853 3136 Agobardinum
894 3070 937 3121 si
982 3070 1280 3132 omittimuS,
1326 3086 1422 3121 non
1469 3070 1603 3120 omni
1647 3069 1940 3134 antiquioris

201 3234 232 3291 1)
262 3235 458 3291 Exempli
488 3238 630 3291 gratia
659 3250 754 3279 cum
786 3237 955 3279 causale
985 3237 1031 3278 in
1060 3237 1339 3291 Agobardino
1369 3237 1486 3279 haud
1517 3251 1611 3280 raro
1649 3251 1744 3279 eum
1774 3237 1939 3279 indica-

126 3305 217 3348 tiuo
264 3306 540 3349 coniunctum
583 3308 627 3348 in
673 3307 890 3350 codicibus
936 3308 1097 3350 saeculi
1141 3308 1201 3349 XI
1245 3307 1333 3351 fere
1378 3322 1587 3363 nusquam
1633 3308 1825 3350 inuenies
1878 3309 1940 3350 ita

128 3378 391 3431 usurpatum.
