2248 3646
61 1229 98 1258 10

61 1655 100 1685 15

61 2080 101 2110 20

508 289 602 333 vn.
635 290 897 332 Aduersus
928 269 1241 332 Marcionem
1272 289 1346 330 lib.
1377 290 1464 331 1111
1496 291 1559 331 19.
1839 293 1942 344 483

132 462 219 511 per
262 461 429 496 earum
474 460 797 510 personarum
841 446 1162 506 mentionem,
1215 459 1338 509 quas
1384 445 1551 508 potuit
1597 444 1747 493 etiam
1794 447 1943 494 natus

132 547 226 581 non
263 532 459 581 habere.
501 530 578 580 dic
617 530 756 591 mihi,
798 530 1028 580 omnibus
1067 529 1198 579 natis
1237 531 1397 579 mater
1436 529 1664 579 aduiuit‘?
1712 529 1944 580 omnibus

131 616 261 665 natis
293 616 655 681 adgenerantur
687 617 736 664 et
764 615 976 665 fratres?
1000 629 1096 664 non
1126 614 1247 663 licet
1275 616 1442 677 patres
1473 615 1635 679 magis
1668 620 1717 663 et
1749 628 1944 664 sorores

131 702 310 751 habere
362 702 446 750 uel
491 705 540 750 et
591 699 874 749 neminem}>
930 699 1016 750 sed
1069 701 1119 749 et
1172 714 1352 749 census
1408 701 1604 749 constat
1657 701 1795 750 actos
1850 697 1944 750 sub

130 786 359 851 Augusto
398 788 518 835 tunc
555 785 604 834 in
650 785 835 835 Iudaea
879 800 964 849 per
1003 783 1229 834 Sentium
1268 783 1607 845 Saturninum,
1648 783 1779 848 apud
1819 799 1946 848 quos

131 886 289 936 genus
339 871 445 920 eius
500 870 748 935 inquirere
800 870 1099 935 potuissent.
1155 867 1276 918 adeo
1322 869 1458 919 nullo
1510 869 1659 919 modo
1714 868 1947 918 consistit

129 957 254 1006 ratio
293 956 636 1020 temptationis
675 955 846 1015 istius,
887 956 935 1004 et
980 969 1095 1004 uere
1142 956 1302 1003 mater
1347 957 1396 1003 et
1439 955 1619 1004 fratres
1668 954 1776 1004 eius
1822 954 1944 1004 foris

130 1042 348 1101 stabant,
402 1043 452 1090 et
503 1043 733 1105 superest
785 1040 1029 1105 dispicere
1084 1055 1286 1089 sensum
1338 1055 1433 1089 non
1488 1039 1785 1103 simpliciter
1836 1055 1944 1102 pro-

129 1126 430 1176 nuntiantis:
480 1130 622 1190 ‘quae
667 1126 791 1175 mihi
839 1127 998 1175 mater
1044 1127 1130 1174 aut
1176 1125 1402 1174 fratres'?
1452 1125 1597 1189 quasi
1643 1124 1705 1173 ad
1749 1124 1944 1190 generis

132 1219 182 1262 et
210 1212 492 1261 natiuitatis
524 1213 858 1277 negationem,
892 1211 978 1260 sed
1012 1207 1098 1277 [et]
1132 1226 1186 1260 ex
1219 1224 1396 1259 causae
1429 1210 1729 1260 necessitate
1756 1213 1806 1259 et
1837 1225 1945 1259 con-

130 1297 322 1347 dicione
354 1297 599 1347 rationali.
631 1299 735 1346 tam
767 1296 1016 1361 proximas
1049 1296 1179 1345 enim
1203 1311 1439 1359 personas
1465 1295 1586 1346 foris
1613 1297 1758 1354 stare,
1793 1297 1943 1344 extra-

129 1382 235 1431 neis
272 1382 409 1432 intus
450 1382 621 1431 defixis
660 1382 721 1431 ad
760 1396 1014 1432 sermones
1054 1381 1179 1440 eius,
1221 1382 1437 1446 amplius
1477 1383 1527 1430 et
1573 1396 1782 1431 auocare
1831 1396 1945 1430 eum

131 1483 157 1516 a
196 1468 427 1518 sollemni
465 1483 611 1532 opere
649 1469 682 1532 †
723 1469 1014 1531 quaerentes
1052 1467 1229 1517 merito
1267 1466 1557 1532 indignatus
1593 1468 1671 1517 est
1707 1482 1803 1516 non
1842 1469 1945 1515 tam

130 1552 335 1618 negauit
352 1568 501 1617 quam
520 1553 786 1602 abdicauit.
805 1555 955 1616 atque
974 1552 1094 1602 adeo
1114 1567 1227 1602 cum
1246 1551 1534 1616 praemisiss
1557 1553 1627 1601 et:
1648 1552 1780 1615 quis
1800 1551 1948 1600 mihi

129 1641 328 1687 mater
359 1641 418 1688 et
451 1639 556 1703 qui
588 1639 742 1689 mihi
765 1638 1384 1703 fratres‘?subiungens:
1411 1636 1527 1688 nisi
1555 1637 1950 1702 quiaudiunt

129 1739 161 1772 u
177 1723 279 1773 erb
295 1739 323 1772 a
348 1738 436 1772 me
452 1738 480 1773 a
503 1725 563 1772 et
586 1722 758 1772 faciu
774 1724 839 1771 nt
863 1738 944 1782 ea,
963 1723 1222 1772 transtulit
1246 1721 1504 1787 sanguinis
1522 1722 1783 1772 nominain
1804 1721 1949 1779 alioS,

131 1823 254 1871 quos
291 1808 452 1873 magis
490 1808 741 1872 proximos
771 1823 888 1872 prae
918 1808 1016 1858 fide
1046 1807 1304 1857 iudicaret.
1337 1819 1481 1857 nemo
1513 1809 1681 1857 autem
1713 1806 1952 1858 transfert

131 1894 264 1957 quid,
290 1893 386 1944 nisi
413 1890 490 1961 [ab
516 1891 592 1962 eo]
621 1894 706 1958 qui
729 1894 881 1943 habet
903 1893 969 1955 id,
997 1893 1129 1957 quod
1160 1892 1410 1944 transfert.
1445 1893 1488 1942 si
1521 1908 1636 1958 ergo
1662 1894 1874 1942 matrem
1899 1894 1951 1941 et

129 1980 306 2029 fratres
333 1995 417 2030 eos
449 1980 585 2040 fecit,
612 1980 697 2044 qui
721 1995 817 2029 non
843 1982 996 2040 erant,
1023 1979 1271 2043 quomodo
1296 1979 1502 2044 negauit
1529 1994 1630 2040 eos,
1664 1978 1748 2042 qui
1775 1979 1947 2028 erant?

131 2067 350 2115 ceterum
386 2081 442 2116 ex
472 2066 564 2116 hoc
595 2066 757 2131 magis
790 2068 1000 2115 matrem
1027 2068 1076 2115 et
1098 2065 1276 2115 fratres
1302 2064 1647 2126 confitebatur,
1675 2064 1809 2128 quod
1831 2063 1949 2112 illos

130 2151 331 2201 nolebat
369 2167 654 2217 agnoscere,
694 2151 987 2201 meritorum
1027 2151 1221 2201 scilicet
1260 2150 1568 2212 condicione,
1607 2165 1703 2199 non
1743 2165 1800 2200 ex
1836 2164 1947 2214 pro-

128 2237 371 2286 ximorum
395 2237 675 2302 negatione,
699 2237 748 2287 in
774 2241 934 2287 semet
954 2237 1064 2300 ipso
1091 2236 1273 2287 docens
1300 2237 1384 2300 qui
1407 2239 1601 2300 patrem
1627 2237 1714 2285 aut
1736 2238 1945 2285 matrem

131 2324 218 2372 aut
252 2322 430 2372 fratres
467 2325 790 2387 praeponeret
820 2322 971 2373 uerbo
1005 2322 1083 2372 dei
1113 2337 1209 2372 non
1242 2337 1352 2372 esse
1384 2322 1591 2388 dignum
1624 2320 1946 2386 discipulum.

133 2406 264 2470 quod
309 2407 433 2457 alios
482 2408 767 2473 adoptabat,
822 2408 1147 2458 confirmabat
1198 2423 1322 2472 quos
1377 2423 1433 2457 ex
1486 2407 1674 2458 offensa
1724 2406 1946 2470 negauit,

135 2493 317 2559 quibus
355 2509 451 2544 non
489 2495 548 2544 ut
584 2493 803 2544 ueriores
851 2493 1132 2555 substituit,
1183 2493 1271 2543 sed
1315 2495 1374 2543 ut
1420 2493 1689 2559 digniores,
1738 2492 1949 2556 denique

131 2577 255 2629 nihil
288 2593 542 2643 magnum,
576 2579 619 2628 si
647 2578 797 2629 fidem
822 2579 1053 2644 sanguini
1077 2578 1384 2642 praeposuit,
1419 2594 1565 2642 quem
1590 2593 1685 2628 non
1717 2577 1948 2628 habebat.

275 2689 343 2744 11]
377 2690 428 2731 cf.
458 2691 559 2731 Luc.
593 2691 632 2740 8,
663 2690 728 2732 20.
811 2691 880 2744 12]
914 2690 964 2732 cf.
995 2691 1126 2733 Marc.
1158 2690 1195 2741 3,
1228 2690 1296 2731 31.
1376 2690 1443 2744 13]
1476 2689 1530 2732 cf.
1554 2689 1611 2730 ib.
1697 2689 1763 2742 14]
1789 2687 1947 2729 Matth.

135 2761 201 2810 12,
231 2760 305 2809 48;
340 2760 390 2801 cf.
423 2761 523 2802 Luc.
556 2761 595 2813 8,
626 2761 692 2802 21.
780 2761 853 2813 22]
888 2760 940 2803 cf.
971 2761 1125 2802 Matth.
1161 2761 1226 2812 10,
1258 2760 1331 2811 37;
1364 2760 1465 2801 Luc.
1498 2760 1564 2812 14,
1597 2760 1664 2801 26.

192 2846 211 2886 1
240 2859 366 2899 quam
390 2858 532 2886 earum
556 2858 831 2899 personarum
855 2845 1044 2896 mentio,
1070 2858 1174 2898 quas
1198 2843 1436 2897 per<inde>
1456 2845 1600 2898 potuit
1612 2845 1724 2897 fort.
1798 2844 1822 2884 5
1846 2846 1949 2885 tunc

134 2916 246 2958 Iun.-
268 2930 379 2958 nunc
402 2916 500 2957 MR
586 2916 743 2957 Iudaea
767 2916 880 2957 Lat:
900 2916 1098 2957 iudaeam
1121 2916 1219 2958 MR
1278 2916 1303 2956 6
1328 2916 1528 2957 consistit
1549 2915 1727 2968 scripsi:
1751 2915 1950 2956 constitit

135 2990 245 3042 MR,
277 2989 520 3030 constiterit
541 2988 643 3041 Eny
716 2988 738 3028 7
765 2990 811 3028 at
833 3000 932 3028 uere
964 2986 1045 3028 Urs
1117 2988 1141 3028 8
1164 2990 1360 3041 superest
1384 2989 1427 3028 et
1448 2987 1561 3028 Pam
1648 2986 1856 3040 dispicere
1879 2986 1948 3038 M,

135 3061 343 3116 inspicere
373 3060 563 3114 Ruu190
693 3060 745 3100 10
777 3061 819 3100 et
848 3059 1005 3100 seclusi
1134 3059 1185 3099 13
1216 3058 1481 3111 indignatus,
1513 3071 1584 3099 eas
1614 3070 1699 3098 non
1730 3058 1844 3110 Eny,
1876 3069 1948 3109 eqo

135 3134 283 3175 malim
299 3132 433 3174 deleri
449 3133 701 3186 quaerentes
718 3135 757 3172 et
773 3132 839 3172 est
899 3130 950 3171 14
967 3129 1261 3183 abnegauitN
1263 3129 1378 3170 Pam
1438 3129 1532 3183 quis
1548 3128 1662 3180 MR,
1679 3141 1764 3182 qua
1777 3127 1950 3169 PamN

139 3204 189 3245 17
206 3202 454 3258 praeM(cf.
475 3205 580 3249 444,
598 3203 684 3253 10),
701 3215 777 3255 pro
793 3200 836 3244 R
851 3201 984 3254 uulyo
1053 3201 1103 3242 18
1122 3200 1172 3242 ab
1193 3213 1241 3241 eo
1257 3201 1412 3242 seclusi
1471 3200 1524 3242 20
1540 3199 1677 3242 uerba
1694 3201 1881 3239 ceterum
1900 3210 1947 3238 ex

136 3274 522 3327 hoc—agnoscere,
538 3286 650 3326 quae
671 3273 720 3314 in
733 3271 833 3313 MR
849 3272 991 3325 paulo
1006 3272 1133 3324 infra
1146 3275 1250 3324 post
1268 3271 1440 3324 dignum
1459 3269 1715 3324 discipulum
1733 3269 1947 3321 lequntur,

138 3345 221 3387 huc
235 3345 446 3387 transtuli
517 3344 570 3385 22
586 3345 635 3385 in
649 3343 697 3385 F
713 3344 848 3385 unius
861 3342 972 3394 folii
989 3343 1168 3384 iactwra
1182 3342 1409 3395 perierunt
1431 3342 1565 3383 uerba
1589 3341 1634 3381 in
1657 3339 1945 3392 semetipso-

139 3415 496 3457 inhumanitatem
529 3416 601 3469 qui
626 3415 738 3467 (488,
763 3415 805 3465 8)
867 3415 921 3455 24
945 3413 1157 3468 quod<si>
1175 3415 1286 3467 fort.
1345 3413 1398 3454 26
1423 3426 1547 3466 quem
1570 3411 1683 3463 MR,
1708 3423 1834 3463 quam
1854 3409 1949 3451 Iun

1809 3494 1887 3537 31*
