2248 3646
209 274 314 323 402
584 269 771 321 Quinti
804 263 1336 324 Septimi,Florentis
1368 269 1700 311 Tertulliani

209 430 383 482 dolum
431 430 585 480 deum
632 445 825 479 narras:
884 433 973 478 aut
1008 424 1338 480 vdiffidentiae
1392 432 1480 480 aut
1529 430 1902 482 malitiositatis
1956 447 2071 482 con-

209 517 383 568 silium
439 520 518 567 est
570 516 791 566 fallendo
856 515 979 582 quid
1039 531 1357 581 promouere.
1418 516 1583 568 multo
1644 518 1856 569 liberius
1919 521 2071 584 atque

207 604 498 670 simplicius
532 606 746 671 egerunt
775 603 1270 669 pseudopropheta-e,
1311 602 1560 655 aduersus
1600 607 1876 657 creatorem
1907 605 1957 656 in
1991 606 2072 656 sui

209 694 289 745 dei
329 693 531 744 nomine
569 692 851 748 uenientes
894 691 983 742 sed
1022 707 1114 742 nec
1155 691 1394 742 effectum
1427 692 1631 744 consilii
1662 693 1816 743 huius
1846 693 2071 753 inuenio,

208 797 324 832 cum
357 781 560 831 facilius
596 781 685 830 aut
716 794 868 830 suum
903 778 1208 830 crediderint
1242 778 1503 830 Christum
1537 783 1626 831 aut
1656 781 1867 847 planum
1897 781 2070 847 potius

206 869 430 935 aliquem
456 883 609 934 quam
636 867 846 918 alterius
879 866 960 917 dei
993 865 1274 927 Christum,
1308 867 1445 918 sicut
1470 868 1796 935 euangelium
1821 869 2074 935 probabit.

285 958 365 1008 16.
410 955 576 1015 Nune,
618 956 662 1006 si
699 970 883 1007 nomen
924 954 1131 1016 Christi,
1171 956 1233 1005 ut
1270 956 1554 1021 sportulam
1595 956 1919 1018 furunculuS,
1959 972 2072 1021 cap-

207 1045 356 1108 tauit,
413 1060 503 1095 cur
551 1043 701 1094 etiam
751 1043 899 1093 lesus
946 1043 1118 1093 uoluit
1163 1042 1425 1108 appellari,
1474 1059 1570 1094 non
1618 1045 1724 1095 tam
1772 1045 2074 1111 expectabili

206 1132 342 1199 apud
380 1131 598 1183 Iudaeos
637 1132 874 1182 nomine?
908 1146 1002 1182 nec
1035 1130 1187 1191 enim,
1228 1130 1273 1180 si
1304 1146 1412 1193 nOS,
1442 1147 1532 1196 per
1565 1131 1645 1182 dei
1678 1132 1895 1198 gratiam
1926 1133 2073 1183 intel-

206 1222 401 1272 lectum
464 1218 729 1271 consecuti
790 1221 1227 1269 sacramentorum
1290 1219 1417 1279 eius,
1472 1220 1569 1269 hoc
1624 1236 1827 1285 quoque
1888 1237 2070 1272 nomen

208 1308 536 1375 agnoscimus
564 1307 766 1358 Christo
793 1301 1123 1365 destinatum,
1156 1306 1271 1357 ideo
1299 1309 1349 1357 et
1373 1307 1596 1369 Iudaeis,
1624 1309 1811 1373 quibus
1837 1308 2076 1375 adempta

208 1397 288 1446 est
335 1395 602 1462 sapientia,
651 1396 774 1445 nota
817 1393 914 1445 erit
957 1409 1055 1445 res
1103 1393 1317 1460 denique
1366 1394 1428 1445 ad
1467 1394 1770 1446 hodiernum
1813 1395 2074 1447 Christum

207 1488 428 1550 sperant,
468 1498 565 1533 non
603 1483 795 1543 lesum,
837 1483 888 1532 et
924 1481 1129 1533 Heliam
1169 1482 1340 1548 potius
1379 1482 1779 1548 interpretantur
1812 1482 2072 1534 Christum

207 1587 357 1638 <cinam
397 1572 588 1622 Iesum.
632 1570 720 1636 qui
760 1585 879 1637 ergo
922 1572 973 1625 et
1010 1570 1060 1620 in
1096 1585 1152 1621 eo
1186 1571 1388 1621 nomine
1421 1571 1579 1631 uenit,
1620 1571 1670 1621 in
1704 1587 1801 1636 quo
1837 1571 2074 1623 Christus

206 1675 305 1711 non
344 1658 803 1724 praesumebatur?
858 1657 1029 1723 potuit
1065 1658 1116 1708 in
1158 1673 1215 1708 eo
1258 1658 1367 1709 solo
1416 1659 1616 1708 nornine
1663 1660 1888 1718 uenisse,
1938 1660 2072 1725 quod

208 1747 374 1798 solum
420 1745 862 1811 praesumebatur.
922 1748 1148 1796 ceterum
1205 1761 1321 1796 cum
1376 1745 1476 1797 duo
1532 1747 1757 1810 miscuit,
1814 1750 2073 1812 speratum

207 1837 257 1887 et
287 1835 623 1901 insperatum,
665 1836 985 1900 expugnatur
1014 1835 1291 1898 utrumque
1325 1834 1599 1884 consilium
1632 1834 1756 1886 eius.
1796 1835 1907 1885 siue
1940 1836 2074 1886 enim

204 1923 318 1974 ideo
362 1921 616 1983 Clu-istus,
665 1925 725 1972 ut
768 1921 974 1972 interim
1022 1921 1169 1987 quasi
1217 1921 1458 1971 creatoris
1503 1921 1774 1987 inreperet,
1823 1922 2074 1988 obstrepit

204 2012 370 2072 133113,
428 2010 547 2076 quia
592 2025 691 2060 non
747 2009 1049 2075 sperabatur
1092 2009 1239 2060 Iesus
1295 2009 1344 2058 in
1393 2008 1595 2060 Christo
1651 2011 1908 2074 creatoriS,
1964 2010 2073 2061 siue

205 2099 344 2165 <ideo
392 2098 587 2164 IeSUS,>
638 2100 699 2148 ut
745 2097 955 2149 alterius
1003 2096 1294 2158 baberetur,
1342 2114 1439 2148 non
1487 2097 1610 2148 sinit
1649 2097 1904 2156 Christus,
1954 2099 2073 2163 quia

207 2203 304 2238 non
353 2186 564 2237 alterius
613 2185 916 2252 sperabatur
956 2184 1194 2237 Christus
1235 2201 1386 2251 quam
1428 2186 1684 2236 creatoris.
1726 2186 1849 2251 quid
1889 2187 2071 2237 horum

208 2277 440 2326 constare
479 2274 664 2340 possit,
703 2274 898 2341 ignoro
939 2274 1196 2325 constabit
1236 2278 1406 2325 autem
1447 2276 1725 2340 utrumque
1770 2274 1822 2324 in
1864 2274 2069 2326 Christo

208 2363 464 2426 creatoris,
518 2363 568 2413 in
624 2378 723 2428 quo
780 2361 1041 2412 inuenitur
1095 2362 1249 2412 etiam
1302 2363 1465 2412 Iesus
1529 2362 1802 2428 quomodo,
1864 2362 2070 2427 inquis?

208 2451 347 2502 disce
387 2453 439 2501 et
476 2450 559 2501 hic
599 2466 715 2501 cum
753 2449 1012 2516 partiariis
1055 2450 1236 2501 erroris
1268 2451 1363 2510 tui,
1397 2450 1619 2502 Iudaeis,
1653 2466 1769 2502 cum
1805 2466 2073 2502 successor

206 2539 377 2606 Moysi
430 2538 769 2590 destinaretur
815 2537 1000 2598 AuseS,
1056 2537 1195 2589 filius
1243 2536 1404 2599 Naue,
1459 2538 1764 2589 transfertur
1816 2540 1954 2589 certe
2010 2538 2069 2588 de

206 2627 422 2692 pristino
470 2626 674 2677 nomine
729 2628 779 2675 et
825 2625 1008 2690 incipit
1053 2626 1228 2676 uocari
1271 2626 1436 2677 Iesus
1493 2628 1644 2687 certe,
1698 2625 1887 2692 inquis
1941 2625 2070 2676 hanc

209 2714 350 2781 prius
392 2714 612 2765 dicimus
652 2713 870 2781 figuram
909 2713 1072 2764 futuri
1110 2714 1288 2764 fuisse.
1329 2729 1447 2764 nam
1487 2714 1606 2780 quia
1642 2714 1790 2764 Iesus
1832 2713 2069 2765 Christus

209 2804 490 2859 secundum
519 2803 768 2869 populum
794 2833 865 2838 ——-
891 2802 1028 2867 quod
1059 2818 1238 2853 sumus
1276 2818 1386 2863 nos,
1414 2803 1518 2853 nati
1549 2802 1600 2852 in
1634 2802 1824 2852 saeculi
1852 2801 2069 2852 desertis

213 2923 271 2928 -—
316 2891 702 2942 introducturus
752 2893 859 2940 erat
903 2891 954 2939 in
1000 2892 1188 2940 terram
1233 2890 1593 2955 promissionis
1640 2889 1793 2940 melle
1841 2892 1892 2941 et
1936 2891 2069 2941 lacte

357 3021 428 3075 11]
456 3020 506 3061 cf.
534 3020 604 3061 Es.
630 3020 699 3073 529,
729 3020 793 3063 14.
871 3019 1085 3074 ‘24—403,
1111 3020 1184 3074 20]
1210 3018 1262 3061 cf.
1290 3018 1388 3060 adu.
1414 3018 1599 3061 Iudaeos
1627 3033 1658 3063 c.
1686 3020 1724 3062 9.
1801 3020 1874 3074 24]
1902 3019 1956 3061 cf.
1981 3019 2066 3062 Ios.

213 3093 387 3147 1,1ss-9.
449 3093 520 3144 25]
541 3091 731 3134 cf.Num.
754 3092 820 3145 13,
838 3093 956 3135 9.17.
1020 3092 1092 3147 28]
1115 3092 1168 3134 cf.
1185 3092 1314 3136 Num.
1335 3093 1402 3147 14,
1420 3093 1605 3135 29—-3L
1667 3093 1740 3148 29]
1762 3092 2009 3146 cf.Exod.3,
2028 3093 2067 3137 8.

267 3183 391 3223 41100
417 3186 528 3222 eras.
546 3180 606 3222 M
677 3181 700 3222 5
720 3179 985 3222 crediderint
1008 3180 1102 3222 scil.
1121 3180 1289 3223 Iudaea·
1356 3180 1380 3221 6
1401 3180 1676 3235 euangelium
1695 3180 1885 3222 breuiter
1903 3180 2069 3222 dictum

202 3267 290 3308 pro
301 3270 314 3296 :
331 3253 552 3308 euangelii
571 3253 846 3304 examinatio,
865 3267 977 3308 quae
992 3259 1196 3308 sequetur
1210 3254 1260 3295 in
1279 3254 1391 3296 libro
1407 3255 1470 3296 H
1469 3255 1530 3297 ΙΙ
1613 3253 1818 3310 probauit
1833 3267 1951 3308 susp.
1966 3253 2069 3308 Ena

209 3326 285 3383 (cf.
303 3326 470 3369 Matth.
491 3329 567 3376 24,
587 3327 839 3382 24;Mare.
856 3330 924 3375 13,
945 3329 1025 3381 22)
1088 3327 1140 3369 15
1165 3341 1250 3369 non
1276 3341 1357 3369 om.
1377 3326 1439 3370 ΕΙ
1528 3327 1897 3383 praesumebatur.
1922 3326 2068 3382 potuit

210 3399 345 3454 uuzqo
408 3397 460 3442 '18
485 3398 584 3442 ideo
602 3400 657 3449 R,
679 3400 724 3442 in
750 3399 829 3442 deo
854 3400 958 3442 MF
1041 3400 1258 3455 obstrepit
1281 3400 1389 3443 Urs:
1410 3400 1583 3455 obrepit
1596 3400 1696 3442 MR
1756 3400 1811 3442 20
1827 3399 1926 3441 ideo
1943 3399 2066 3441 Iesus

213 3472 319 3515 aad.
336 3471 421 3515 Urs
480 3472 531 3514 21
550 3487 637 3516 nou
652 3486 734 3516 om.
748 3473 796 3515 F
850 3474 905 3516 22
923 3476 1122 3516 constare
1140 3474 1188 3515 in
1203 3487 1296 3516 ras.
1311 3487 1339 3514 a
1351 3487 1407 3516 m.
1424 3478 1447 3515 1
1459 3473 1518 3515 M
1573 3475 1626 3516 25
1644 3473 1783 3515 Auses
1795 3472 1854 3526 R,
1873 3486 1999 3515 auxes
2012 3471 2071 3513 M

2105 1241 2145 1271 10

2104 1675 2146 1708 15

2103 2114 2146 2146 20

2100 2551 2143 2582 25
