2248 3646
109 1225 148 1255 10

97 1648 144 1680 ‚15

99 2074 139 2104 20

601 285 676 326 ΙΙΙ.
708 286 968 327 Aduersus
1001 286 1366 339 Hermogenem
1403 287 1579 327 13-15.
1898 291 1992 338 141

184 443 286 490 tate
326 437 561 498 condidit,
611 438 652 487 si
700 454 753 487 ex
800 438 1022 498 materia,
1072 454 1126 487 ex
1173 440 1448 499 uoluntate,
1498 440 1539 489 si
1580 456 1634 489 ex
1680 442 1850 492 nihilo.
1897 442 1993 492 iam

187 526 314 574 enim
349 524 451 573 sine
485 538 637 573 causa
665 523 879 583 laboraS,
912 539 971 572 ne
1004 524 1247 573 malorum
1282 528 1454 573 auctor
1485 526 1823 576 constituatur
1855 528 1993 587 deuS,

185 609 301 674 quia
338 614 387 658 et
425 609 467 658 si
507 608 564 658 de
602 609 810 658 materia
846 609 982 669 fecit,
1028 609 1126 674 ipsi
1166 609 1541 674 deputabuntur
1580 611 1664 674 qui
1704 612 1838 673 fecit,
1880 629 1994 677 qua-

184 702 327 745 tenus
367 693 568 760 proinde
606 693 741 754 fecit,
783 694 886 744 acsi
925 694 982 743 de
1022 694 1175 744 nihilo
1215 694 1433 757 fecisset,
1480 711 1567 745 nec
1613 697 1821 747 interest
1866 698 1994 747 unde

182 780 370 830 fecerit.
407 781 551 844 plane
590 779 661 828 sic
707 779 930 838 interest,
978 779 1108 829 unde
1153 780 1340 840 fecerit,
1388 782 1445 829 ut
1481 780 1594 830 inde
1634 782 1825 842 fecerit,
1865 783 1994 832 unde

182 881 294 915 eum
347 864 507 929 magis
562 863 744 913 decuit.
798 864 957 930 magis
1012 867 1178 913 autem
1235 879 1346 914 euni
1403 864 1572 914 decuit
1625 881 1680 915 ex
1733 867 1993 917 uoluntate

181 949 357 999 fecisse
397 963 543 1013 quam
584 964 639 998 ex
676 949 990 1010 necessitate,
1031 948 1082 997 id
1121 952 1198 998 est
1237 964 1291 998 ex
1337 950 1491 999 nihilo
1539 951 1708 1014 potius
1750 967 1897 1014 quarn
1939 968 1992 1002 ex

179 1035 400 1085 materia,
450 1035 650 1099 dignius
699 1036 775 1083 est
814 1034 963 1084 deum
1004 1034 1153 1083 etiam
1194 1035 1443 1085 malorum
1485 1039 1739 1085 auctorem
1778 1036 1991 1086 liberum

179 1121 374 1170 credere
414 1135 561 1184 quam
602 1135 817 1170 seruum.
851 1135 1194 1183 quaecumque
1225 1113 1450 1184 potestas
1483 1121 1527 1169 ei
1560 1135 1707 1184 quam
1739 1122 1993 1186 pusillitas

180 1207 435 1270 competit.
477 1208 548 1256 sic
589 1210 651 1266 et,
700 1207 738 1256 si
782 1206 1101 1257 condicemus
1149 1207 1411 1256 materiam
1460 1206 1661 1271 quidem
1707 1208 1833 1257 nihil
1877 1208 1990 1258 boni

177 1292 428 1351 habuisse,
469 1291 617 1341 deum
649 1307 783 1351 uero,
826 1292 868 1341 si
901 1292 1018 1355 quid
1049 1292 1166 1341 boni
1200 1291 1371 1353 edidit,
1412 1307 1503 1342 sua
1533 1293 1722 1342 uirtute
1757 1293 1990 1354 edidisse,

177 1377 300 1427 aliae
332 1392 486 1441 aeque
512 1377 796 1426 aborientur
829 1377 1163 1440 quaestiones
1196 1377 1374 1441 primo,
1410 1378 1451 1426 si
1482 1378 1667 1427 bonum
1703 1378 1753 1427 in
1785 1379 1992 1427 materia

176 1462 373 1512 omnino
412 1477 507 1511 non
546 1462 656 1520 fuit,
696 1478 790 1512 non
824 1478 879 1511 ex
911 1463 1117 1511 materia
1149 1462 1333 1512 bonum
1365 1462 1573 1523 factum,
1615 1463 1746 1528 quod
1784 1465 1992 1513 materia

177 1548 371 1597 scilicet
415 1563 511 1597 non
558 1548 746 1598 habuit.
795 1548 987 1606 dehine,
1037 1548 1079 1596 si
1125 1563 1220 1597 non
1269 1563 1323 1597 ex
1369 1549 1594 1610 materia,
1641 1550 1740 1599 iam
1780 1565 1895 1614 ergo
1937 1566 1990 1599 ex

175 1633 264 1683 deo
301 1633 509 1683 factum.
555 1634 598 1683 si
642 1649 732 1684 nec
780 1649 834 1683 ex
875 1634 983 1694 de0,
1028 1634 1128 1683 iam
1174 1649 1290 1699 ergo
1340 1649 1396 1683 ex
1440 1634 1597 1684 nihilo
1643 1636 1851 1685 factum.
1898 1636 1991 1685 hoc

174 1718 303 1768 enim
343 1722 572 1783 superest
611 1719 884 1771 secundum
926 1719 1257 1784 Hermogenis
1299 1718 1700 1783 dispositionem.
1744 1722 1806 1770 15
1846 1736 1988 1785 porro

173 1804 430 1854 sibonum
468 1820 627 1869 neque
668 1819 723 1853 ex
762 1805 971 1854 materia
1009 1805 1200 1854 factum
1242 1808 1334 1865 est,
1369 1806 1486 1870 quia
1517 1821 1613 1857 non
1655 1809 1762 1855 erat
1798 1806 1847 1855 in
1886 1806 1988 1862 illa,

174 1891 228 1939 ut
263 1889 312 1938 in
343 1890 489 1950 mala,
528 1905 687 1953 neque
721 1905 775 1939 ex
810 1889 916 1952 deO,
960 1891 1076 1954 quia
1106 1890 1231 1939 nihil
1261 1890 1431 1954 potuit
1469 1905 1525 1939 ex
1565 1890 1655 1940 deo
1696 1891 1817 1951 fieri,
1859 1891 1991 1941 sicut

172 1973 341 2024 definit
383 1975 742 2040 HermogeneS,
797 1975 1050 2024 inuenitur
1094 1976 1279 2024 bonum
1329 1975 1429 2024 13111
1477 1991 1532 2025 ex
1579 1976 1733 2025 nihilo
1781 1976 1986 2034 factum,

169 2062 226 2109 ut
264 2075 318 2109 ex
355 2060 493 2109 nullo
532 2060 737 2120 factum,
779 2063 835 2110 ut
873 2076 1031 2125 neque
1072 2076 1126 2109 ex
1164 2061 1375 2111 materia
1411 2077 1571 2124 neque
1611 2077 1666 2111 ex
1706 2062 1811 2111 deo,
1859 2065 1908 2112 et
1946 2063 1988 2112 si

168 2145 353 2195 bonum
401 2160 456 2194 ex
495 2145 667 2205 nihile,
716 2160 803 2194 cur
848 2161 942 2195 non
984 2148 1033 2194 et
1079 2146 1300 2195 malum?
1347 2146 1500 2196 immo
1549 2161 1635 2195 cur
1679 2163 1775 2196 non
1824 2148 1987 2197 01111113

220 2467 245 2506 2
276 2465 379 2507 deus
410 2465 510 2516 ΡΝ,
537 2465 624 2506 illis
647 2465 693 2506 F
777 2466 802 2507 3
835 2468 1045 2518 quatenus
1076 2465 1253 2519 proinde
1283 2466 1454 2519 scripsi:
1487 2465 1667 2519 proinde
1700 2467 1910 2519 quatenus
1932 2466 1983 2518 P,

162 2535 339 2588 proinde
378 2539 563 2589 quantus
600 2535 694 2578 NF
803 2535 1033 2576 uerborum
1069 2535 1265 2582 ordinem
1301 2536 1483 2576 inuerti:
1531 2535 1658 2589 plane
1705 2535 1765 2577 sic
1803 2536 1984 2576 interest

163 2607 273 2648 unde
308 2607 460 2649 fecerit
495 2621 543 2649 ac
581 2608 617 2648 si
654 2606 706 2648 de
749 2607 886 2648 nihilo
931 2607 1116 2659 fecisset,
1160 2621 1237 2649 nec
1282 2608 1464 2648 interest
1509 2606 1621 2648 unde
1667 2606 1818 2648 fecerit
1853 2607 1988 2649 PNF

163 2679 187 2720 6
212 2692 305 2719 eum
330 2679 444 2731 (alt.)
467 2691 545 2726 om.
563 2678 609 2718 F
681 2680 703 2719 7
731 2692 778 2719 ex
802 2678 965 2732 (prius)
991 2691 1070 2720 om.
1096 2678 1142 2719 N
1206 2679 1231 2719 8
1257 2677 1381 2719 deum
1398 2677 1499 2728 ΡΝ,
1526 2678 1722 2719 dominus
1744 2679 1790 2720 F
1847 2679 1900 2720 10
1924 2679 1981 2720 sie

163 2751 218 2797 et,
248 2749 284 2789 si
314 2749 582 2790 condicemus
611 2749 781 2802 scripsi:
822 2749 857 2789 si
889 2751 932 2789 et
962 2749 1022 2789 sic
1053 2748 1327 2789 concedimus
1358 2748 1410 2799 P,
1451 2748 1511 2789 sic
1543 2750 1587 2788 et
1619 2748 1678 2788 sic
1712 2748 1981 2789 concedimus

163 2818 255 2860 NF
339 2821 387 2861 11
428 2820 553 2861 deum
590 2821 763 2873 scripsi:
804 2820 1022 2861 dominum
1059 2819 1195 2861 PNF
1280 2819 1331 2860 12
1371 2819 1480 2860 aliae
1520 2832 1654 2872 aeque
1691 2819 1745 2871 P,
1786 2819 1981 2873 aliaeque

162 2890 254 2932 NF
364 2891 610 2932 aborientur
656 2896 725 2942 (z
770 2905 862 2932 ‘non
904 2892 996 2932 iam
1039 2890 1183 2943 erunt)
1228 2890 1283 2941 F,
1331 2890 1581 2931 oborientur
1624 2889 1677 2943 P,
1733 2889 1982 2931 oboriuntur

161 2962 211 3003 N
319 2976 430 3015 quae
467 2963 626 3004 abhinc
664 2963 864 3016 leyuntur
900 2962 1003 3002 inde
1040 2975 1068 3002 a
1104 2961 1248 3003 uerbis
1284 2961 1434 3015 111-11110,
1474 2961 1510 3001 si
1549 2960 1708 3001 bonum
1752 2974 1887 3014 usque
1923 2961 1983 3001 ad

159 3046 368 3087 neque'ex
391 3032 470 3074 deo
494 3034 539 3086 (l.
563 3035 635 3085 18)
656 3046 749 3075 non
772 3034 874 3074 bene
894 3047 939 3074 se
960 3033 1132 3080 habent,
1165 3033 1323 3086 quippe
1345 3032 1392 3073 in
1414 3031 1572 3085 quibus
1596 3032 1661 3073 bis
1683 3031 1796 3073 idem
1820 3032 1981 3074 dictum

158 3104 226 3147 sit.
258 3103 428 3158 duplici
451 3105 606 3158 forma
643 3105 881 3157 concepisse
918 3105 1024 3145 haec
1059 3103 1235 3145 uidetur
1269 3103 1403 3145 Tem:
1444 3103 1484 3157 a)
1524 3103 1659 3157 primo
1701 3102 1979 3157 si—disposi-

158 3175 316 3216 tionem
348 3174 450 3229 (16),
480 3174 525 3226 b)
559 3175 717 3229 [porro]
751 3175 787 3215 si
818 3175 1184 3227 bonum—neque.
1209 3188 1255 3215 ex
1282 3174 1373 3215 deo.
1398 3174 1663 3215 uocabulum
1694 3187 1832 3227 porro,
1862 3174 1979 3227 quod

157 3247 206 3287 in
247 3245 295 3287 F
334 3246 458 3299 deest,
502 3246 815 3298 interpolatum
859 3246 967 3288 mihi
1009 3246 1196 3295 uidetur,
1235 3251 1471 3298 postquam
1518 3246 1821 3296 confluaeerunt
1866 3245 1980 3286 duae

156 3318 419 3360 recensiones
507 3319 557 3359 15
588 3317 668 3359 hoc
698 3317 798 3369 ΡΝ,
837 3317 938 3358 111110
968 3317 1015 3358 F
1101 3318 1151 3359 16
1191 3330 1315 3371 porro
1348 3329 1426 3357 om.
1458 3316 1506 3357 F
1619 3317 1731 3356 male
1768 3316 1847 3357 hoc
1885 3317 1976 3358 loco

159 3388 488 3443 distinguuntur
518 3390 668 3441 capita
758 3390 808 3430 17
840 3389 883 3428 in
917 3402 996 3430 om.
1028 3388 1079 3429 N
