2248 3646
191 218 293 268 462
556 213 745 265 Quinti
782 212 1011 268 Septimi
1041 212 1314 254 Florentis
1347 212 1679 254 Tertulliani

193 391 343 441 quam
399 373 743 424 maerentibus
802 375 852 423 et
906 372 1197 424 dolentibus
1244 372 1410 424 fietus,
1463 373 1536 424 ita
1577 376 1770 425 creator
1808 377 2045 428 materias

190 463 326 514 risus
367 464 417 513 et
459 462 607 512 fietus
649 460 947 527 praedicans
986 460 1181 511 risuros
1219 460 1478 526 plorantes
1518 461 1655 527 prior
1701 461 1841 513 dixit.
1887 463 2048 530 igitur

194 550 280 616 qui
328 565 355 600 a
402 548 749 600 consolatione
797 563 1077 614 pauperum
1125 549 1174 598 et
1219 547 1494 598 humilium
1535 552 1584 599 et
1624 549 1958 600 esurientium
1999 554 2049 602 et

193 638 424 689 flentium
473 653 679 688 exorsus
729 638 822 699 est,
872 636 1049 687 statim
1098 651 1150 686 se
1200 635 1347 686 illum
1393 640 1770 701 repraesentare
1820 638 2047 704 gestiuit,

195 742 345 791 quem
393 725 837 775 demonstrauerat
875 739 965 789 per
1001 723 1232 774 Esaiam:
1281 723 1543 789 spiritus
1592 724 1822 775 domini
1870 741 2048 791 super
2100 743 2119 774 5

193 830 299 874 me,
345 815 594 879 propter
643 812 800 884 quo-d
845 811 1016 862 unxit
1063 828 1149 862 me
1198 811 1267 862 ad
1316 811 1862 879 euangelizandum
1907 830 2047 879 pau-

194 901 444 968 peribus
511 931 577 936 —
640 900 802 951 beati
849 899 1127 962 mendici,
1186 900 1471 966 quoniam
1513 900 1770 951 illorum
1826 904 1917 952 est
1968 919 2049 954 re-

197 1007 374 1057 gnum
431 991 732 1040 caelorum
773 1008 865 1049 -3
907 988 1080 1039 misit
1139 1003 1227 1038 me
1283 1003 1497 1038 curare
1553 988 1817 1041 obtritos
1874 990 2047 1042 corde

196 1109 266 1115 ——
297 1078 465 1128 beati
500 1077 598 1143 qui
634 1076 930 1137 esuriunt,
960 1076 1240 1141 quoniam
1274 1076 1717 1127 saturabuntur
1749 1097 1839 1138 -ς
1877 1078 2048 1129 aduo-

198 1181 330 1216 care
377 1166 742 1232 languentes
799 1193 867 1199 —-
917 1163 1082 1214 beati
1123 1164 1220 1229 qui
1263 1164 1523 1229 plorant,
1574 1165 1853 1230 quoniam
1898 1166 2048 1217 ride·
2083 1182 2121 1212 10

197 1255 347 1305 bunt
385 1272 477 1314 ——3
521 1253 658 1303 dare
697 1252 1062 1318 lugentibus
1097 1250 1298 1303 Sionis
1334 1252 1591 1319 gloriam
1627 1254 1684 1302 et
1715 1269 1817 1318 pro
1852 1254 2050 1304 cinere

198 1341 499 1409 unguenti
536 1340 984 1391 iocunditatem
1025 1342 1083 1390 et
1122 1339 1353 1406 gloriae
1384 1339 1659 1390 habitum
1692 1356 1792 1405 pro
1829 1341 2050 1405 spiritu

197 1429 402 1480 taedii.
456 1428 581 1480 haec
636 1428 680 1480 si
727 1428 903 1480 statim
945 1428 1200 1479 admissus
1243 1426 1477 1479 Christus
1518 1427 1911 1493 administrauit,
1967 1432 2054 1480 aut

197 1518 308 1583 ipse
349 1519 442 1577 est,
485 1516 571 1582 qui
612 1532 665 1568 se
707 1516 768 1567 ad
800 1516 922 1567 haec
956 1517 1231 1567 uenturum
1263 1515 1593 1580 praedicauit,
1635 1517 1722 1567 aut
1755 1516 1799 1566 si
1829 1516 2052 1567 nondum

200 1605 344 1656 uenit
383 1605 469 1670 qui
508 1604 838 1671 praedicauit,
883 1635 947 1640 -—
995 1603 1227 1667 ridicule,
1284 1604 1373 1654 sed
1411 1604 1696 1655 necessarie
1738 1603 1945 1654 dixerim
1987 1635 2052 1640 ——
2087 1619 2125 1651 15

200 1694 419 1745 fortasse
458 1691 777 1743 mandauerit
820 1691 1021 1744 Christo
1062 1690 1353 1743 Marcionis.
1448 1691 1623 1742 Beati
1678 1691 1869 1752 eritiS,
1924 1706 2053 1742 cum

206 1797 314 1832 uos
343 1781 477 1832 odio
512 1779 1133 1831 habebunthomines
1169 1781 1227 1830 et
1259 1779 1709 1845 exprobrabunt
1742 1781 1800 1830 et
1832 1779 2056 1830 eicient

203 1885 415 1920 nomen
457 1872 730 1919 uestrum
770 1870 945 1919 uelut
977 1883 1226 1933 nequam
1258 1870 1507 1933 propter
1537 1867 1739 1918 filium
1774 1866 2052 1918 hominis,

204 1959 297 2008 hac
335 1957 746 2023 pronuntiatione
788 1956 896 2007 sine
937 1956 1091 2007 dubio
1131 1955 1192 2006 ad
1230 1955 1553 2007 tolerantia-m
1586 1955 1889 2006 exhortatur.
1933 1954 2056 2020 quid

205 2046 373 2097 minus
415 2047 609 2096 creator
646 2060 734 2111 per
771 2045 1010 2095 Esaiam?
1051 2060 1119 2094 ne
1159 2044 1507 2095 metueritis
1548 2042 1945 2110 ignominiam
1986 2042 2052 2093 ab
2085 2058 2125 2087 2ο

206 2133 555 2184 hominibus
598 2134 656 2184 et
687 2132 1151 2184 nullificatione
1184 2147 1387 2183 eorum
1419 2147 1486 2182 ne
1519 2130 1887 2181 minuamini.
1929 2145 2054 2196 quae

205 2221 499 2289 ignominia,
551 2237 679 2286 quae
725 2220 1062 2271 nullificatio?
1111 2235 1238 2286 quae
1277 2220 1450 2271 futura
1490 2221 1598 2270 erat
1641 2221 1847 2284 propter
1892 2217 2054 2268 filium

207 2310 446 2361 hominis.
488 2325 641 2376 quem
671 2308 865 2361 istum?
906 2309 992 2374 qui
1025 2311 1104 2360 est
1135 2308 1417 2359 secundum
1450 2297 1742 2358 creatorem.
1781 2305 1915 2357 unde
1947 2320 2056 2372 pro-

208 2398 478 2448 babimus?
541 2412 597 2448 ex
659 2397 773 2448 odio
834 2397 885 2448 in
937 2396 1110 2463 ipsum
1166 2411 1367 2462 quoque
1420 2394 1730 2462 praedicato,
1785 2394 1918 2445 sicut
1968 2409 2059 2458 per

208 2487 412 2537 Esaiam
438 2486 500 2536 ad
526 2487 760 2537 auctores
788 2485 891 2536 odii
915 2485 1153 2535 Iudaeos:
1187 2486 1434 2550 propter
1466 2499 1573 2535 uos
1599 2482 2058 2548 blasphematur
2088 2495 2129 2527 25

209 2590 419 2625 nome-n
459 2590 651 2625 meum
691 2574 749 2625 in
790 2573 1163 2635 nationibuS,
1205 2575 1255 2624 et
1294 2572 1439 2623 alibi:
1489 2571 1722 2623 sancite
1763 2585 1909 2631 eum,
1960 2569 2060 2635 qui

213 2662 679 2714 circumscribit
720 2662 972 2712 animam
1014 2677 1200 2723 suam,
1249 2661 1347 2726 qui
1388 2660 1848 2726 aspernamento
1890 2657 2059 2708 habe-

212 2754 311 2801 tur
365 2765 392 2799 a
444 2750 820 2812 nationibUS‚
875 2744 1125 2800 famulis
1182 2750 1239 2799 et
1291 2746 1781 2816 magistratibus.
1830 2746 1875 2797 si
1930 2745 2061 2796 enim

358 2951 513 3006 5—13]
546 2951 617 2995 Es.
650 2951 718 3005 61,
754 2950 876 2993 1—3.
940 2951 980 3004 7]
1013 2949 1170 2992 Maah.
1203 2949 1242 3002 5,
1274 2949 1313 2990 6.
1349 2949 1468 3000 (Luc.
1503 2947 1541 3002 6,
1567 2946 1655 3002 20.)
1716 2947 1756 3001 9}
1789 2945 1893 2989 Luc.
1927 2945 1966 2998 6,
1991 2944 2060 2985 21.

216 3024 283 3079 10]
308 3025 367 3067 ib.
431 3025 498 3079 16]
529 3024 633 3066 Luc.
660 3024 699 3078 6,
724 3023 793 3065 22.
855 3023 925 3078 20]
950 3023 1020 3066 Es.
1047 3022 1114 3072 51,
1142 3022 1181 3064 7.
1242 3022 1313 3076 25]
1337 3021 1410 3063 Es.
1435 3021 1504 3071 52,
1529 3019 1717 3088 57R0m.
1743 3019 1780 3070 2,
1807 3018 1874 3060 24.
1936 3017 2009 3072 26]
2040 3016 2061 3058 2

273 3142 297 3183 3
331 3141 405 3196 qui
437 3155 461 3183 a
484 3140 607 3196 RssG,
640 3141 742 3196 quia
764 3141 832 3193 M,
867 3154 952 3196 qua
973 3138 1037 3183 R1
1100 3140 1149 3181 11
1175 3138 1430 3194 lugentibus
1453 3137 1506 3179 M
1524 3137 1598 3191 (in
1621 3150 1711 3179 ras.
1739 3149 1767 3178 a
1789 3149 1844 3177 m.
1869 3136 1908 3188 1)
2018 3136 2063 3176 et

216 3228 296 3257 om.
329 3215 444 3256 Pam
587 3215 639 3257 16
670 3214 947 3257 mandauerit
977 3212 1038 3255 M
1063 3211 1239 3266 (manda
1268 3212 1319 3254 in
1348 3224 1437 3254 ras.
1472 3225 1500 3253 a
1530 3223 1585 3252 m.
1617 3209 1657 3265 1)
1794 3208 1845 3251 18
1877 3220 2063 3262 nequam

215 3288 283 3339 M,
321 3289 483 3331 malum
514 3287 709 3343 Ruulyo
858 3287 910 3330 19
952 3288 1172 3329 exortatur
1201 3285 1262 3327 M
1409 3283 1461 3327 21
1505 3296 1653 3326 eorum
1689 3283 1746 3333 R,
1786 3294 1930 3323 earum
1967 3280 2070 3322 MF

216 3362 272 3404 24
305 3375 353 3404 ex
385 3361 484 3404 odio
516 3362 675 3416 scripsi
704 3361 777 3416 (cf.
814 3363 921 3410 463,
945 3362 1009 3414 1).·
1040 3358 1204 3402 excidio
1229 3358 1330 3401 MR
1418 3357 1471 3400 25
1506 3356 1595 3400 odii
1628 3368 1709 3398 om.
1735 3353 1797 3398 R¹
1879 3353 1934 3395 26
1966 3366 2063 3395 san-

218 3433 303 3476 cite
333 3433 391 3484 R,
423 3433 611 3476 sanctite
641 3431 746 3475 MF
830 3432 887 3475 28
924 3426 1080 3475 ’odium
1119 3425 1239 3473 'enim
1270 3429 1331 3472 M
