2248 3646
204 215 307 265 360
577 210 767 263 Quinti
802 211 1036 266 Septimi
1068 211 1346 255 Florentis
1379 213 1713 257 Tertulliani

204 371 542 423 desiderabat.
586 387 803 438 agnosce
838 371 994 423 simul
1028 374 1078 423 et
1110 372 1386 424 comitibus
1422 374 1589 441 gulae,
1630 375 1831 427 libidini
1871 377 2069 430 scilicet

203 461 356 525 atque
416 458 664 520 luxuriae,
728 461 1075 525 prospectum,
1141 475 1269 525 quae
1330 460 1432 512 fere
1487 462 1681 513 uentris
1736 464 2069 531 castigatione

201 546 509 613 frigescunt3
551 575 620 581 —-
660 543 1065 597 mand'ucauerat
1104 547 1237 598 enim
1277 549 1499 614 populus
1542 551 1592 600 et
1630 550 1829 602 biberat
1868 554 1918 603 et
1964 569 2069 604 sur-

201 627 399 684 rexerat
430 633 606 684 ludere
639 664 707 668 —
740 633 968 700 proinde,
995 637 1054 684 ut
1088 636 1139 685 et
1172 636 1420 700 pecuniae
1447 636 1593 688 ardor
1622 638 1991 706 restingeretur
2014 657 2070 691 ex

202 723 362 787 parte,
398 737 498 787 qua
532 721 591 772 de
625 721 797 772 uictus
830 722 1137 772 necessitate
1173 726 1429 785 causatur,
1463 725 1803 790 pretiosorum
1840 727 2068 778 ciborum

202 809 412 860 ambitio
441 809 669 860 detracta
695 812 794 868 est;
828 811 1109 873 postremo,
1144 813 1201 861 ut
1232 810 1436 862 facilius
1468 811 1718 863 liomo‘ad
1742 813 2067 866 ieiunandum

204 897 295 948 deo
336 897 659 958 formaretur,
701 896 877 961 paucis
921 899 971 947 et
1010 913 1108 948 non
1151 898 1390 964 gloriosis
1433 899 1564 950 escis
1606 900 1933 953 adsuefactus
1975 906 2067 965 est,

202 985 329 1035 nihil
377 985 435 1035 de
482 985 792 1036 lautioribus
842 984 1146 1036 esuriturus.
1200 987 1646 1053 reprehendendus
1693 1005 1812 1041 sane
1859 993 2067 1054 creator,

206 1074 340 1139 quod
403 1073 543 1124 cibos
599 1073 772 1138 potius
828 1073 1019 1139 populo
1077 1089 1169 1123 suo
1227 1074 1444 1125 abstulit
1497 1091 1650 1141 quam
1704 1077 2067 1145 ingratioribus

202 1161 535 1212 Marcionitis.
614 1160 979 1217 sacrificiorum
1045 1176 1247 1227 quoque
1303 1178 1452 1213 onera
1507 1166 1557 1214 et
1610 1166 1962 1231 operationum
2019 1169 2069 1218 et

202 1249 522 1300 oblationum
552 1249 850 1315 negotiosas
885 1249 1315 1314 scrupulositates
1348 1266 1496 1302 nemo
1528 1253 1881 1317 reprehendat,
1923 1255 2066 1321 quasi

203 1338 327 1388 deus
374 1337 499 1388 talia
546 1336 644 1388 sibi
692 1337 889 1403 proprie
939 1336 1325 1400 desiderauerit,
1382 1339 1468 1404 qui
1514 1342 1618 1390 tam
1666 1341 1936 1393 manifeste
1991 1358 2066 1394 ex-

203 1425 411 1476 clamat:
435 1440 554 1490 quo
581 1424 741 1475 mihi
766 1424 1270 1476 multitudinem
1299 1427 1793 1479 sacrificiorum
1820 1432 2065 1482 uestro-

201 1515 369 1564 rum?
426 1516 499 1563 et:
557 1513 703 1579 quis
746 1513 1119 1579 exquisiuit
1157 1513 1286 1565 ista
1329 1515 1399 1565 de
1439 1516 1737 1567 manibus
1778 1518 2065 1569 uestris?

203 1601 293 1652 sed
339 1601 482 1652 illam
531 1601 612 1652 dei
666 1600 972 1652 industriam
1029 1601 1232 1664 sentiat,
1290 1618 1388 1668 qua
1440 1605 1689 1670 populum
1742 1621 1957 1670 pronum
2012 1606 2061 1656 in
2117 1618 2136 1648 f>

199 1687 491 1741 idolatriam
535 1691 584 1740 et
625 1690 1082 1756 transgressionem
1132 1689 1386 1741 eiusmodi
1435 1690 1619 1742 officiis
1665 1692 1900 1760 religioni
1941 1709 2062 1745 suae

201 1778 372 1828 uoluit
410 1777 744 1844 adstringere,
786 1778 971 1842 quib-us
1015 1778 1315 1844 superstitio
1359 1780 1553 1830 saeculi
1592 1781 1855 1848 agebatur,
1903 1785 1963 1832 ut
2001 1783 2060 1833 ab

200 1881 259 1916 ea
290 1868 532 1917 auocaret
568 1865 703 1926 illos,
747 1865 844 1916 sibi
883 1865 1063 1916 iubens
1107 1866 1227 1926 fieri,
1272 1867 1418 1933 quasi
1453 1867 1779 1931 desideranti,
1813 1885 1875 1920 ne
1908 1870 2064 1921 simu-

197 1954 350 2005 lacris
390 1953 619 2005 faciendo
663 1953 992 2019 delinqueret.

278 2043 359 2100 19.
419 2041 516 2093 Sed
572 2044 622 2092 et
676 2042 726 2092 in
781 2042 910 2108 ipsis
969 2042 1289 2093 commerciis
1354 2043 1492 2094 uitae
1558 2046 1607 2094 et
1662 2045 2064 2097 conuersationis

200 2130 453 2181 humanae
489 2130 626 2180 domi
661 2145 717 2180 ac
750 2129 873 2181 foris
907 2130 1138 2196 adusque
1173 2146 1344 2181 curam
1378 2131 1710 2183 uasculorum
1745 2133 2064 2185 omnifariam

201 2218 447 2280 distinxit,
495 2221 553 2269 ut
607 2218 723 2270 istis
778 2218 1035 2285 legalibus
1093 2219 1379 2285 disciplinis
1437 2220 1823 2273 occurrentibus
1877 2222 2065 2288 ubique

200 2322 292 2358 nec
331 2307 436 2358 ullo
479 2309 738 2359 momento
779 2309 1022 2358 uacarent
1062 2323 1090 2357 a
1130 2307 1209 2358 dei
1243 2310 1499 2373 respectu.
1542 2308 1666 2374 quid
1707 2310 1841 2361 enim
1880 2310 2069 2362 faceret

199 2396 406 2446 beatum
449 2395 705 2446 hominem
749 2411 924 2460 quam:
992 2395 1052 2446 in
1093 2395 1238 2463 lege
1279 2395 1526 2448 domini
1566 2398 1881 2450 uoluntas
1925 2399 2066 2450 eius

201 2486 262 2534 et
300 2484 361 2534 in
402 2485 551 2551 lege
593 2483 834 2534 domini
873 2482 1313 2534 meditabitur
1353 2484 1454 2535 die
1505 2500 1573 2535 ac
1621 2486 1851 2537 nocte?
1914 2503 2065 2553 quam

198 2572 367 2639 legem
422 2587 519 2621 non
575 2570 765 2622 duritia
818 2571 1170 2637 promulgauit
1224 2573 1466 2635 auctoris,
1525 2572 1614 2623 sed
1660 2573 1788 2624 ratio
1838 2590 2067 2626 summae

199 2658 551 2727 benignitatis,
592 2659 771 2725 populi
803 2659 977 2725 potius
1012 2659 1253 2709 duritiam
1288 2659 1575 2711 edomantis
1618 2663 1669 2711 et
1705 2661 1885 2713 rudem
1924 2652 2069 2714 obse-

202 2748 319 2813 quio
376 2747 529 2798 fidem
586 2748 814 2814 operosis
872 2747 1057 2798 officiis
1113 2747 1420 2809 dedolantis,
1477 2751 1536 2799 ut
1589 2749 1716 2801 nihil
1762 2749 1823 2800 de
1868 2750 2068 2804 arcanis

201 2835 461 2902 adtingam
513 2835 871 2903 significantiis
911 2836 1057 2902 legis,
1106 2835 1353 2901 spiritalis
1403 2836 1602 2888 scilicet
1652 2840 1701 2888 et
1740 2838 2066 2903 propheticae

346 2967 391 3021 3]
423 2965 476 3017 cf,
509 2965 641 3008 Exod.
677 2965 745 3016 32,
779 2965 818 3007 6.
913 2965 982 3020 13]
1016 2965 1090 3007 Es.
1128 2966 1165 3015 1,
1202 2966 1267 3007 11.
1303 2966 1369 3010 12.
1461 2967 1535 3022 24]
1569 2967 1641 3009 Ps:
1678 2967 1716 3019 1,
1748 2968 1788 3010 2.

262 3057 281 3097 1
316 3054 493 3097 libidini
518 3054 579 3096 M
606 3054 673 3107 (in
702 3055 815 3109 ras.)
891 3054 917 3097 3
945 3053 1237 3108 parenthesin
1267 3054 1494 3097 indicauit
1517 3054 1620 3110 Em]
1692 3057 1721 3098 4
1751 3055 2068 3111 restingeretur

200 3129 267 3183 M,
292 3127 633 3183 restringeretur
649 3128 693 3171 R
768 3129 789 3169 7
816 3132 883 3170 est
904 3128 1087 3182 scripsi:
1112 3132 1156 3170 et
1171 3128 1284 3178 MR,
1310 3131 1361 3171 ut
1381 3141 1474 3171 van
1499 3129 1575 3171 der
1599 3129 1717 3171 Vliet
1793 3130 1845 3172 19
1863 3128 2062 3172 faciendo

199 3202 376 3257 scrispsit
408 3201 623 3244 faciendis
653 3201 755 3244 MR
860 3201 910 3243 21
948 3202 1126 3256 omni<a
1158 3201 1474 3256 omni>fariam
1494 3203 1607 3256 fort.
1713 3203 1767 3245 23
1799 3216 1879 3245 nec
1909 3205 1980 3255 (=
2011 3216 2066 3245 oie

200 3275 391 3328 qwidem)
423 3274 605 3329 scripsi:
640 3288 694 3317 ne
725 3274 825 3317 MR
943 3275 1033 3316 ullo
1066 3276 1286 3317 momento
1319 3275 1431 3330 Riys
1466 3275 1545 3317 ulli
1575 3278 1795 3318 momento
1818 3275 1952 3326 MRss,
1982 3275 2064 3318 ulli

199 3350 424 3392 momenta
461 3347 524 3392 13¹
629 3350 686 3391 24
718 3362 848 3404 quam
881 3349 923 3390 in
957 3348 1055 3404 lege
1087 3348 1222 3404 uulgo
1358 3347 1483 3391 eius‘?
1519 3350 1563 3390 et
1585 3348 1722 3404 uulyo
1834 3349 1888 3392 25
1920 3352 2062 3391 nocte.

201 3435 329 3476 quam
360 3422 495 3478 uulqo
587 3422 641 3463 29
672 3421 982 3477 significantiis
1015 3420 1091 3476 Rss,
1123 3421 1414 3476 significantis
1445 3419 1565 3465 MR¹

2102 1179 2141 1212 10

2097 2057 2140 2088 20

2098 2496 2140 2529 25
