2248 3646
216 226 319 277 368
589 221 777 273 Quinti
812 220 1041 276 Septimi
1073 220 1353 262 Florentis
1386 221 1717 265 Tertulliani

215 384 376 434 malos
426 385 476 433 et
522 381 951 433 abundantissimi
1001 380 1379 432 misericordiae
1435 384 1485 432 et
1531 382 1872 434 miserationis
1929 399 2082 449 super

215 472 549 537 agnoscentes
585 472 635 520 et
667 468 1031 535 deplangentes
1067 468 1255 519 delicta
1287 484 1396 531 sua,
1439 470 1614 534 quales
1647 471 1769 520 tunc
1801 470 2077 521 Niniuitae.

215 559 258 609 si
292 558 424 608 enim
459 557 684 623 optimus
720 557 806 622 qui
845 556 984 618 talis⁷
1027 555 1086 606 de
1126 555 1227 606 isto
1268 555 1412 621 prius
1453 556 1673 607 cessisse
1714 556 1942 619 debebiS‚
1981 573 2079 608 non

215 648 502 712 competere
550 644 598 695 in
646 644 821 704 talem„
869 642 922 693 id
971 645 1049 693 est
1087 643 1136 692 in
1180 643 1451 708 optimum,
1501 644 1654 694 etiam
1700 644 1927 695 malitiae
1968 660 2081 696 con-

215 750 438 785 cursum.
496 735 547 783 et
592 732 711 799 quia
759 733 809 782 et
854 731 1084 781 Marcion
1133 730 1362 782 defendit
1410 731 1639 782 arborem
1687 732 1869 783 bonam
1916 733 2078 783 malos

215 837 416 887 quoque
470 820 669 871 fructus
724 836 821 870 non
874 819 1026 870 licere
1090 819 1385 885 producere,
1450 819 1538 869 sed
1600 819 1851 870 malitiam
1910 822 2080 870 tamen

212 909 496 961 nominauit
529 925 661 970 aaa,
690 908 825 973 quod
859 907 1085 973 optimus
1121 922 1217 957 non
1253 907 1404 972 capit,
1440 907 1691 972 numquid
1724 908 1895 973 aliqua
1925 907 2080 958 inter-

213 997 429 1065 pretatio
464 997 645 1048 subest
677 1012 850 1046 earum
878 995 1189 1046 malitiarum
1214 995 1692 1062 intellegendarum,
1728 1011 1856 1060 quae
1881 995 2083 1063 possint

214 1092 264 1137 et
308 1086 357 1136 in
400 1086 653 1150 optimum
695 1083 1083 1134 decucurrisse?
1133 1083 1314 1133 subest
1363 1085 1551 1134 autem.
1602 1083 1821 1133 dicimus
1864 1083 2080 1150 denique

212 1173 461 1225 malitiam
496 1188 630 1223 nunc
664 1170 942 1238 significari
975 1188 1070 1222 non
1107 1186 1235 1235 quae
1277 1170 1339 1221 ad
1378 1174 1612 1222 naturam
1652 1171 1915 1238 redigatur
1947 1187 2080 1222 crea—

211 1262 356 1323 toris
420 1263 564 1327 quasi
617 1260 757 1320 mali,
823 1256 912 1310 sed
969 1275 1097 1324 quae
1153 1259 1215 1309 ad
1269 1262 1600 1324 potestatem,
1664 1259 1811 1325 quasi
1868 1258 2078 1320 iudicis;

215 1349 501 1400 secundum
544 1363 698 1413 quam
738 1346 1036 1397 enuntiarit:
1087 1362 1193 1413 ego
1245 1363 1373 1397 sum
1424 1347 1524 1412 qui
1566 1347 1751 1398 condo
1793 1346 1963 1407 mala,
2007 1348 2076 1397 et:

213 1453 353 1489 ecce
395 1452 503 1503 ego
546 1436 760 1486 emitto
802 1435 859 1484 in
901 1450 1007 1485 uos
1049 1434 1221 1495 mala,
1265 1450 1361 1485 non
1402 1435 1707 1499 peccatoria,
1749 1434 1838 1484 sed
1876 1434 2079 1495 ultoria,

214 1542 430 1592 quorum
466 1525 591 1576 satis
626 1523 874 1574 diluimus
907 1522 1174 1573 infamiam
1205 1525 1266 1573 ut
1299 1522 1690 1589 congruentium
1729 1521 1904 1573 iudici.
1947 1521 2080 1572 sicut

214 1617 402 1675 autem,
442 1613 566 1663 licet
604 1612 739 1662 mala
780 1611 1029 1670 dicantur,
1072 1626 1169 1661 non
1210 1610 1652 1676 reprehenduntur
1689 1611 1739 1661 in
1776 1610 1950 1661 iudice
1988 1624 2081 1659 nec

212 1702 309 1753 hoc
340 1701 542 1752 nomine
576 1716 668 1751 suo
703 1701 898 1751 malum
931 1698 1155 1749 iudicem
1191 1698 1486 1762 ostendunt,
1525 1699 1596 1749 ita
1630 1701 1680 1749 et
1716 1698 1916 1749 malitia
1954 1698 2079 1748 haec

213 1791 309 1841 erit
338 1788 683 1855 intellegenda
723 1803 853 1838 nunc
914 1803 1041 1852 quae
1083 1803 1139 1837 ex
1179 1787 1283 1837 illis
1323 1787 1473 1838 malis
1514 1787 1797 1838 iudiciariis
1839 1786 2082 1852 deputata

214 1893 330 1928 cum
377 1877 506 1942 ipsis
554 1878 814 1942 competat
861 1874 1036 1926 iudici.
1091 1890 1207 1925 nam
1265 1878 1315 1925 et
1360 1874 1495 1941 apud
1546 1874 1769 1926 Graecos
1823 1872 2080 1924 interdum

212 1965 439 2016 malitiae
489 1980 577 2031 pro
618 1963 976 2015 uexationibus
1026 1966 1076 2013 et
1114 1963 1351 2025 laesu1·iS‚
1398 1979 1497 2014 non
1537 1978 1626 2030 pro
1667 1961 2079 2030 malignitatibus

211 2056 486 2119 ponuntur,
530 2054 669 2105 sicut
700 2055 750 2104 et
781 2052 833 2102 in
866 2052 967 2103 isto
1002 2051 1235 2103 articulo..
1277 2054 1429 2116 atque
1471 2051 1595 2102 adeo
1630 2051 1674 2101 si
1707 2050 1816 2101 eius
1850 2049 2078 2101 malitiae

212 2142 466 2208 paenituit
511 2144 790 2193 creatorem
840 2139 987 2206 quasi
1035 2141 1337 2203 creaturam,
1394 2140 1737 2206 reprobandae
1786 2139 1985 2190 scilicet
2032 2140 2083 2189 et

213 2230 459 2281 delictum
506 2229 826 2291 iudicandae,
881 2228 1056 2294 atquin
1105 2244 1197 2279 nec
1246 2228 1328 2279 hic
1376 2228 1543 2278 ullum
1591 2228 1875 2279 admissum
1916 2226 2081 2277 crimi-

212 2334 394 2368 nosum
434 2318 757 2384 reputabitur
796 2317 1025 2378 creatori,
1075 2316 1163 2382 qui
1202 2316 1582 2381 iniquissimam
1623 2316 1887 2366 ciuitatem
1929 2313 2082 2381 digne

212 2406 497 2472 meritoque
547 2407 844 2457 decreuerat
891 2405 1208 2456 abolendam.
1255 2405 1327 2454 ita
1368 2404 1504 2470 quod
1541 2404 1678 2454 iuste
1719 2403 2081 2463 destinauerat,

212 2511 310 2545 non
351 2495 483 2545 male
525 2493 799 2556 destinam,
842 2509 899 2543 ex
937 2492 1154 2554 iustitia,
1196 2508 1292 2544 non
1328 2507 1384 2542 ex
1417 2491 1613 2543 malitia
1645 2491 1946 2547 destinarat:
1990 2488 2080 2540 sed
2135 2508 2149 2516 ³

211 2597 428 2647 poenam
458 2581 625 2647 ipsam
657 2580 906 2631 malitiam
941 2579 1228 2631 nominauit
1260 2595 1316 2630 ex
1348 2579 1484 2630 malo
1518 2581 1569 2630 et
1607 2579 1786 2629 merito
1826 2577 2079 2645 passionis

212 2669 396 2736 ipsius.
439 2685 575 2736 ergo,
619 2668 776 2729 dices,
820 2669 864 2720 si
904 2660 1156 2719 malitiam
1190 2667 1420 2719 iustitiae
1452 2667 1656 2719 nomine
1690 2682 1920 2726 excusas,
1960 2665 2080 2731 quia

211 2758 347 2810 iuste
395 2758 607 2808 exitium
656 2757 937 2808 destinarat
981 2756 1031 2807 in
1079 2755 1358 2819 Niniuitas‚
1407 2755 1480 2807 sic
1537 2771 1739 2821 quoque
1794 2752 2078 2821 culpandus

211 2849 307 2904 est,
358 2847 444 2912 qui
491 2846 722 2897 iustitiae
763 2847 942 2910 utique
986 2860 1086 2895 non
1127 2844 1460 2911 paenitendae
1501 2842 1864 2910 paenitentiam
1903 2841 2079 2909 gessit.

358 2992 398 3046 6]
435 2991 486 3033 cf.
519 2990 611 3032 Ion.
645 2991 684 3041 3,
721 2991 784 3034 10.
882 2991 953 3045 12]
988 2990 1057 3032 Es.
1090 2990 1159 3034 45.
1195 2990 1234 3031 7.
1327 2989 1396 3045 13]
1429 2988 1548 3031 Hier.
1585 2988 1651 3043 18,
1687 2988 1751 3031 11.

187 3123 189 3126 f
272 3079 296 3120 5
330 3080 375 3120 et
404 3078 598 3120 Marcion
638 3077 750 3130 MR,
783 3077 977 3118 Marcion
1019 3077 1135 3117 Pam
1219 3077 1248 3118 7-
1287 3075 1501 3117 lacunam
1530 3075 1735 3130 siquam:
1771 3073 1877 3116 deus
1909 3074 2079 3115 creator

214 3166 343 3207 quam
384 3156 479 3194 erat
519 3154 745 3193 exacturus
787 3150 838 3193 de
879 3151 1096 3192 Niniuitis
1136 3164 1319 3205 poenam
1363 3150 1436 3203 (cf.
1469 3149 1599 3204 infra
1632 3149 1658 3190 Z.
1693 3150 1774 3202 26)
1804 3147 1877 3190 uel
1907 3146 2078 3189 similia

210 3225 466 3280 supplenda
486 3230 593 3268 sunt
652 3225 678 3267 8
701 3238 847 3266 earum
864 3224 974 3275 MR,
998 3225 1190 3278 (etiam)
1210 3236 1356 3265 earum
1375 3223 1493 3265 Pam
1553 3222 1604 3264 21
1634 3225 1876 3264 creaturam
1899 3219 2079 3274 scripsi:

213 3304 436 3341 creaturae
461 3298 560 3341 MR
651 3300 696 3339 et
726 3297 937 3340 delictum
967 3297 1099 3345 MR¹‚
1135 3299 1180 3339 et
1212 3296 1377 3340 deletui
1407 3294 1484 3346 133,
1517 3298 1562 3337 ct
1593 3295 1646 3338 de
1679 3294 1839 3337 delicto
1869 3293 2077 3337 Oehlerus

214 3371 267 3413 22
299 3370 560 3413 iudicandae
582 3370 763 3425 scripsi:
785 3369 1076 3413 uindicandae
1098 3369 1200 3413 MR
1289 3369 1444 3424 atquin
1466 3368 1649 3423 scripsi:
1671 3367 1795 3423 atqui
1819 3366 1917 3410 MR
2005 3365 2075 3407 hie

212 3457 294 3488 om.
331 3443 416 3487 Get
502 3445 556 3486 26
589 3444 805 3500 passionis
837 3442 913 3494 113³,
947 3445 992 3486 et
1021 3443 1239 3499 passionis
1269 3440 1390 3485 MR1

2115 1190 2150 1218 10

2116 1627 2153 1658 15

2112 2067 2152 2097 20
