2248 3646
559 208 651 249 VII.
687 208 945 250 Aduersus
975 208 1286 249 Marcionem
1317 207 1391 248 lib.
1422 207 1443 248 I
1474 208 1595 249 3—4.
1882 211 1983 259 295

177 363 389 414 humana
434 361 616 412 diuinis
662 361 968 411 conferenda.
1014 363 1111 411 iam
1160 378 1274 428 ergo
1316 362 1358 413 si
1404 363 1521 412 huic
1563 364 1983 428 argumentationi

175 450 316 498 locus
349 448 563 507 dabitur,
602 447 722 511 quid
761 446 1005 510 prohibet,
1044 463 1139 497 non
1180 447 1289 497 dico
1330 451 1380 497 et
1415 449 1620 498 tertium
1661 452 1711 498 et
1749 452 1977 514 quartum

176 533 324 582 deum
383 532 631 592 inducere,
691 546 866 581 uerum
924 534 1002 581 tot
1059 532 1156 581 iam
1218 547 1422 582 numero
1477 536 1598 596 quot
1651 536 1700 583 et
1753 534 1977 599 gentium

173 620 350 683 reges?
397 617 455 667 de
502 616 591 667 deo
639 616 820 682 agitur,
876 616 1018 665 cuius
1063 617 1157 666 hoc
1200 616 1541 682 principaliter
1585 619 1839 683 proprium
1886 623 1978 678 est,

122 716 139 746 5
173 702 359 752 nullius
413 701 625 766 exempli
678 716 851 765 capere
899 702 1333 764 comparationem.
1388 703 1482 752 hoc
1526 705 1703 752 natura
1755 703 1881 767 ipsa,
1937 705 1977 754 si

171 801 265 837 non
313 787 492 851 aliquis
529 786 720 845 Esaias,
767 786 849 836 uel
894 787 1001 850 ipse
1039 801 1125 849 per
1162 787 1360 835 Esaiam
1400 787 1538 848 deus,
1587 787 1978 838 contionabitur:

171 872 270 921 cui
296 887 382 921 me
409 870 837 920 similabitis?
865 871 1049 921 diuinis
1073 871 1281 920 forsitan
1309 872 1731 936 comparabuntur
1745 872 1979 923 humana.

170 957 259 1006 deo
312 971 406 1005 non
453 957 536 1006 ita.
584 955 720 1004 aliud
766 956 895 1005 enim
944 955 1083 1015 deus,
1131 956 1266 1005 aliud
1313 971 1440 1019 quae
1488 956 1581 1005 dei.
1638 956 1847 1021 denique
1895 957 1979 1019 qui

169 1041 391 1104 exemplo
437 1041 593 1090 uteris
638 1041 771 1106 regis
819 1041 962 1104 quasi
1011 1041 1196 1090 summi
1242 1041 1425 1105 magni,
1472 1040 1589 1090 uide
1635 1056 1693 1090 ne
1738 1041 1838 1090 iam
1885 1057 1978 1091 non

104 1143 139 1172 10
170 1125 332 1188 possis
379 1139 434 1174 eo
480 1125 570 1174 uti.
622 1141 703 1174 rex
749 1125 895 1183 enim,
943 1124 1039 1174 etsi
1089 1138 1343 1173 summum
1388 1139 1624 1189 magnum
1670 1127 1747 1175 est
1791 1126 1840 1174 in
1889 1141 1978 1175 suo

171 1209 296 1259 solio
336 1223 496 1272 usque
535 1209 594 1257 ad
642 1209 805 1268 deum,
845 1211 1009 1258 tamen
1055 1208 1183 1258 infra
1229 1209 1399 1267 deum;
1449 1214 1764 1272 comparatus
1811 1213 1978 1259 autem

171 1294 232 1343 ad
277 1295 424 1343 deum
473 1290 664 1344 excidet
701 1295 799 1344 iam
846 1294 905 1344 de
953 1310 1146 1344 summo
1192 1309 1390 1358 magnO,
1436 1294 1678 1344 translato
1724 1294 1772 1342 in
1814 1294 1976 1343 deum.

170 1379 263 1427 hoc
302 1379 344 1429 si
382 1379 467 1438 ita,
509 1379 757 1443 quomodo
797 1380 954 1429 uteris
994 1379 1100 1428 eius
1139 1378 1209 1427 rei
1250 1380 1472 1442 exemplo
1513 1378 1573 1428 ad
1612 1379 1691 1428 dei
1731 1394 1978 1442 compara-

169 1463 351 1512 tionem
396 1478 533 1527 quae,
574 1464 690 1513 dum
731 1464 790 1513 ad
830 1464 1249 1528 comparationem
1290 1464 1498 1523 accedit,
1539 1460 1980 1532 amittitur?{quid
2014 1463 2048 1514 O

104 1568 138 1597 15
170 1562 314 1607 nunc,
362 1549 404 1598 si
447 1563 536 1597 nec
583 1549 711 1597 inter
753 1564 896 1613 reges
945 1548 1259 1612 plurifarium
1306 1548 1467 1597 uideri
1510 1550 1679 1613 potest
1725 1564 1977 1598 summum

168 1648 422 1697 magnum,
477 1633 563 1682 sed
616 1633 818 1683 unicum
873 1636 922 1683 et
968 1633 1235 1698 singulare,
1283 1633 1415 1696 apud
1461 1648 1574 1682 eum
1629 1633 1839 1694 scilicet,
1894 1633 1978 1698 qui

167 1733 249 1766 rex
307 1733 481 1784 regum
542 1718 602 1767 ob
671 1718 1015 1767 summitatem
1081 1717 1442 1783 magnitudinis
1504 1720 1552 1767 et
1619 1718 1977 1768 subiectionem

169 1806 445 1851 ceterorum
485 1804 730 1868 graduum
762 1803 904 1867 quasi
944 1804 1140 1863 culmen
1180 1802 1532 1853 dominationis
1573 1800 1973 1871 excipitu1·?}sed
2010 1803 2047 1853 O

168 1887 316 1936 etiam
354 1887 580 1952 [alterius
613 1885 817 1954 formae]
856 1903 1016 1953 reges,
1059 1888 1143 1951 qui
1175 1887 1455 1953 singulares
1487 1888 1537 1936 in
1569 1889 1748 1938 unione
1779 1887 1975 1952 imperii

96 1995 136 2024 20
164 1975 400 2036 praesunt
423 1973 702 2038 si<militer>
720 1973 1064 2033 minutalibuS‚
1090 1976 1147 2022 ut
1167 1973 1237 2022 ita
1263 1973 1484 2033 dixerim
1509 1973 1691 2038 regum,
1716 1973 1809 2037 <si>
1833 1973 1974 2022 undi-

166 2072 258 2120 que
283 2058 599 2107 conferantur
621 2059 669 2107 in
696 2058 1123 2120 examinationem,
1143 2073 1240 2121 qua
1265 2061 1477 2121 constet,
1505 2059 1615 2122 quis
1643 2074 1814 2109 eorum
1838 2074 1973 2123 prae—

164 2140 312 2190 cellat
339 2141 387 2190 in
414 2143 710 2192 substantiis
743 2145 793 2191 et
823 2143 1015 2192 uiribus
1046 2143 1203 2208 regni,
1228 2143 1276 2192 in
1309 2159 1464 2192 unum
1495 2159 1699 2194 necesse
1733 2147 1809 2194 est
1840 2159 1974 2193 sum-

164 2226 309 2274 mitas
325 2227 683 2292 magnitudinis
703 2227 966 2291 eliquetur,
979 2228 1210 2278 omnibus
1227 2228 1472 2293 gradatim
1486 2244 1572 2293 per
1589 2229 1971 2292 comparationis

164 2310 349 2362 exitum
394 2312 452 2360 de
498 2312 858 2377 magnitudinis
913 2327 1110 2362 summa
1162 2314 1406 2377 expressis
1462 2316 1511 2363 et
1562 2310 1971 2382 exclusiS.{adeo

96 2420 133 2450 25
165 2396 260 2445 etsi
294 2396 344 2446 in
386 2397 608 2460 disperso
647 2397 978 2447 multifarium
1017 2397 1218 2447 uidetur
1264 2414 1516 2448 summum
1563 2413 1817 2464 magnum,
1867 2398 1970 2447 suis

164 2480 356 2531 uiribus
397 2484 446 2531 et
483 2497 572 2531 sua
610 2485 786 2531 natura
824 2486 871 2532 et
911 2498 1000 2532 suo
1048 2486 1183 2532 statu
1230 2483 1432 2532 unicum
1475 2487 1566 2534 est.
1613 2484 1818 2547 proinde
1859 2499 1971 2533 cum

305 2594 346 2647 7]
375 2594 443 2635 Es.
474 2594 541 2643 40,
573 2595 639 2635 25.

219 2679 243 2720 8
260 2692 343 2719 non
367 2680 430 2720 ita
453 2679 556 2721 Urs.-
575 2683 720 2721 nostro
737 2681 846 2731 MF,
865 2683 1009 2722 nostra
1024 2682 1067 2723 R
1142 2682 1192 2723 10
1218 2695 1264 2722 eo
1284 2683 1346 2722 uti
1362 2682 1472 2734 MR,
1491 2684 1553 2723 uti
1571 2683 1617 2723 F
1635 2683 1839 2725 Oelilerus
1924 2685 1971 2724 in

160 2749 431 2802 sequentibus
460 2749 573 2792 duas
600 2752 863 2793 recensiones
891 2752 1004 2793 inter
1031 2765 1074 2793 se
1104 2753 1357 2793 commixtas
1388 2765 1595 2806 aynosco:
1629 2754 1667 2804 1)
1700 2766 1771 2794 rex
1802 2754 1968 2794 enim——

163 2822 244 2860 etsi
273 2833 482 2861 summum
511 2834 713 2875 magnum
743 2835 876 2876 usque
898 2823 950 2863 ad
975 2821 1113 2871 deum,
1143 2825 1287 2863 tamen
1318 2823 1428 2863 infra
1453 2824 1803 2865 deum—excidet
1826 2826 1868 2876 2)
1899 2838 1968 2866 rex

164 2891 271 2931 enim
289 2904 497 2932 summum
512 2904 714 2945 magnum
731 2895 797 2933 est
819 2893 861 2933 in
887 2907 962 2934 suo
988 2893 1106 2941 solio,
1126 2896 1394 2947 comparatus
1419 2898 1560 2935 autem
1587 2894 1639 2935 ad
1665 2895 1787 2936 deum
1806 2896 1969 2936 excidet

166 2961 215 3002 12
236 2962 444 3002 translato
475 2961 696 3004 Oehlerus:
726 2963 952 3005 translatio
975 2964 1075 3007 MR
1163 2965 1214 3005 19
1239 2965 1415 3005 alterius
1439 2965 1597 3006 formae
1621 2967 1785 3015 seclusi,
1812 2967 1968 3020 quippe

162 3032 276 3084 quod
297 3046 479 3085 prorsus
508 3039 655 3075 careat
681 3047 831 3087 sensu;
859 3035 1170 3088 interpolatum
1201 3049 1288 3077 esse
1319 3041 1515 3089 apparet⁷
1546 3041 1596 3077 ut
1616 3037 1664 3077 in
1689 3038 1835 3089 aliquo
1860 3043 1968 3078 certe

163 3102 337 3144 diuersa
353 3116 437 3144 esse
451 3104 703 3146 uiderentur
714 3118 825 3158 quae
841 3105 999 3146 abhinc
1012 3106 1210 3159 leguntur
1223 3107 1278 3147 ab
1295 3107 1366 3159 eis,
1377 3119 1487 3159 quae
1501 3107 1770 3149 antecedunt.
1786 3113 1966 3149 ceterum

160 3173 350 3214 secunda
360 3175 548 3216 recensio
556 3175 674 3227 (inde
687 3189 715 3216 α
729 3176 754 3216 l.
768 3178 838 3228 18)
847 3176 953 3217 mihi
963 3177 1132 3229 quidem
1137 3177 1353 3230 posterior
1369 3190 1454 3218 esse
1463 3177 1649 3230 uidetur,
1658 3181 1707 3218 ut
1719 3178 1964 3231 eleyantior.

162 3243 216 3284 20
237 3244 493 3297 si<militer>
513 3246 791 3288 minutalibus
813 3248 984 3300 scripsi:
1008 3248 1043 3288 si
1065 3247 1342 3289 minutalibus
1365 3247 1536 3295 MFR3‚
1563 3248 1598 3289 si
1621 3249 1664 3288 in
1687 3248 1963 3290 minutalibus

161 3313 223 3355 121
339 3315 438 3369 <si>
466 3316 652 3369 undique
681 3319 856 3370 scripsi:
886 3317 1072 3371 undique
1103 3319 1199 3360 MR
