2248 3646
228 164 332 214 306
605 159 793 211 Quinti
826 158 1055 214 Septimi
1085 157 1361 200 Florentis
1394 158 1727 201 Tertulliani

227 338 326 373 non
368 322 453 381 sit,
497 317 613 390 [non
654 319 848 371 habens
887 320 961 370 rei
996 335 1203 370 causam
1236 334 1343 369 rem
1381 316 1572 386 ipsam]
1612 319 1664 369 in
1703 321 1904 370 tantum
1946 319 2097 370 deum

155 414 192 466 O
230 410 436 476 dignius
487 408 689 459 credam
738 424 836 458 non
886 423 1000 459 esse
1048 423 1201 472 quarn
1250 422 1362 458 esse
1404 408 1511 457 sine
1552 422 1724 458 causa.
1751 403 1761 477 Ι
1788 408 1897 458 31116
1943 423 2100 458 causa

228 501 308 548 est
341 497 477 549 enim
510 495 596 561 qui
636 511 742 546 rem
776 510 874 545 non
908 494 1140 545 habendo
1175 511 1272 545 non
1303 494 1457 545 habet
1490 510 1714 546 causam.
1757 494 1883 546 deus
1925 496 2098 545 autem

230 585 338 636 sine
401 600 571 645 causa,
634 584 687 634 id
742 585 822 634 est
876 583 984 633 sine
1037 598 1107 644 re,
1165 598 1277 633 esse
1332 598 1430 634 non
1488 582 1657 633 debet.
1691 579 1701 653 Ι
1734 582 1809 634 ita
1863 583 2096 648 quotiens

228 672 440 725 ostendo
490 687 608 722 eum
657 671 766 722 sine
821 686 981 722 causa
1030 686 1159 732 esse,
1216 673 1483 736 tamquam
1530 670 1614 730 sit,
1668 670 1766 721 hoc
1822 670 2095 730 constituo,
2146 688 2165 717 5

227 777 327 813 non
360 776 475 812 esse
507 759 675 819 illum,
711 758 829 824 quia
872 759 916 809 si
948 759 1151 819 fnisset,
1194 759 1398 812 omnino
1433 758 1541 809 sine
1577 774 1733 809 causa
1763 774 1862 808 non
1896 758 2097 809 fuisset.

227 850 304 901 sic
345 851 395 900 et
432 848 600 914 ipsam
641 848 795 898 fidem
837 847 948 897 dico
990 846 1140 897 illum
1181 847 1288 898 sine
1330 861 1483 898 causa
1523 846 1584 896 ab
1625 846 1832 897 homine
1873 848 2095 911 captare,

227 938 378 989 aliter
424 937 578 987 solito
627 936 781 986 deum
830 934 1032 985 credere
1083 950 1139 985 ex
1187 949 1398 999 operum
1447 933 1754 984 auctoritate
1799 934 2095 989 formatum,

227 1026 347 1091 quia
386 1024 515 1075 nihil
553 1024 656 1075 tale
705 1023 983 1090 prospexit,
1032 1038 1123 1087 per
1163 1022 1299 1088 quod
1347 1023 1499 1073 homo
1542 1021 1694 1072 deum
1737 1020 1932 1072 didicit.
1980 1037 2095 1071 nam

228 1113 327 1164 etsi
375 1113 590 1164 credunt
634 1112 863 1178 plerique
910 1112 959 1161 in
1015 1111 1182 1171 illum,
1238 1126 1335 1161 non
1385 1110 1561 1161 statim
1617 1111 1811 1160 ratione
1867 1109 2094 1168 credunt,
2129 1126 2168 1156 10

225 1216 323 1251 non
370 1200 619 1250 habentes
668 1198 749 1248 (161
795 1198 1003 1264 pignuS,
1052 1212 1204 1262 opera
1250 1197 1360 1247 eius
1409 1196 1501 1248 deo
1551 1196 1717 1263 digna.
1772 1197 1947 1262 itaque
2000 1195 2096 1246 hoc

225 1288 429 1345 nomine
478 1287 782 1338 cessationis
831 1289 882 1336 et
929 1285 1231 1336 defectionis
1287 1300 1497 1350 operum
1547 1288 1598 1335 et
1642 1284 1992 1350 impudentiae
2047 1285 2098 1333 et

225 1375 566 1444 malignitatis
608 1374 788 1425 adfinis
829 1376 928 1425 est:
977 1373 1347 1439 impudentiae,
1396 1388 1495 1438 qua
1534 1372 1687 1422 fidem
1726 1387 1824 1423 non
1872 1371 2097 1422 debitam

227 1465 326 1514 sibi
381 1467 569 1530 captat,
633 1463 716 1513 cui
768 1462 1163 1529 praestruendae
1218 1461 1345 1511 nihil
1398 1461 1675 1526 prospexit
1738 1459 2098 1527 malignitatis

227 1569 326 1618 qua
365 1554 538 1619 plures
579 1551 955 1602 incredulitatis
996 1566 1110 1601 reos
1151 1549 1290 1611 fecit,
1332 1549 1461 1599 nihil
1499 1548 1619 1599 fidei
1658 1548 1989 1614 procurando.
2130 1565 2169 1596 15

306 1641 382 1691 13.
432 1639 561 1691 Cum
610 1641 762 1689 deum
810 1639 908 1689 hoc
955 1638 1114 1704 gradu
1165 1637 1485 1703 611116111111113,
1542 1637 1625 1687 0111
1678 1636 1819 1687 nulla
1874 1635 2097 1687 conditio

224 1731 331 1778 tam
362 1727 567 1794 propria
610 1729 660 1778 et
701 1727 792 1778 deo
835 1727 990 1793 digna
1032 1741 1184 1792 quam
1226 1726 1469 1777 creatoris
1514 1725 1871 1776 testimonium
1911 1725 2099 1791 praesi-

225 1816 408 1882 gnarit,
443 1831 612 1866 narem
656 1816 1012 1865 contrahentes
1046 1814 1486 1880 impudentissimi
1517 1814 1851 1864 Marcionitae
1891 1828 2098 1863 conuer-

224 1907 405 1955 tuntur
437 1903 499 1953 ad
534 1903 939 1954 destructionem
973 1918 1184 1968 operum
1219 1903 1477 1953 creatoris.
1512 1902 1807 1964 ‘11imirum'‚
1839 1901 2095 1966 inquiunt,

225 1992 430 2059 ‘grande
479 2007 608 2057 opus
651 1994 700 2042 et
742 1991 956 2058 dignum
999 1991 1090 2042 deo
1139 1990 1405 2041 mundus'!
1447 1990 1699 2056 numquid
1738 2005 1856 2057 ergo
1899 1992 2095 2040 creator
2127 2006 2165 2036 ρο

223 2081 435 2130 minime
484 2080 647 2131 deus?
702 2080 853 2145 plane
911 2079 1051 2130 deus.
1109 2094 1227 2145 ergo
1274 2094 1366 2128 nec
1413 2078 1637 2129 mundus
1687 2077 1779 2128 deo
1826 2077 2091 2144 indignus:

221 2169 351 2218 nihil
390 2169 580 2219 etenim
622 2168 747 2218 (16113
788 2167 1056 2234 indignum
1100 2183 1153 2218 se
1187 2167 1414 2227 fecisset,
1458 2167 1556 2217 etsi
1595 2166 1841 2217 mundum
1881 2165 2093 2223 homini,

222 2272 321 2306 non
369 2255 469 2306 sibi
516 2255 655 2316 fecit,
712 2255 812 2309 etsi
860 2271 1007 2305 omne
1056 2271 1185 2320 opus
1232 2254 1445 2305 inferius
1496 2257 1575 2305 est
1631 2270 1722 2305 3110
1779 2252 1988 2305 artifice.
2044 2255 2094 2303 et

221 2349 411 2404 tamen,
461 2343 503 2393 si
546 2344 695 2408 quale
738 2343 861 2408 quid
907 2343 1094 2394 fecisse
1134 2342 1402 2410 indignum
1452 2345 1532 2394 est
1579 2342 1688 2406 deo,
1738 2344 1926 2408 quanto
1965 2341 2093 2392 indi-

224 2430 373 2497 gnius
423 2430 515 2481 deo
565 2436 645 2481 est
696 2431 826 2480 nihil
873 2446 990 2481 eum
1048 2431 1252 2481 omnino
1310 2430 1519 2482 fecisse!
1563 2446 1639 2481 sere
1680 2430 1766 2481 uel
1804 2430 2088 2496 indignum,
2124 2445 2165 2477 25

223 2533 322 2583 quo
361 2519 541 2584 posset
588 2518 741 2568 etiam
793 2517 1084 2584 digniorum
1140 2520 1319 2569 auctor
1358 2518 1569 2584 spe1·ari.'
1621 2521 1680 2569 ut
1726 2533 1845 2586 ergo
1896 2517 2093 2583 aliquid

287 2750 302 2789 l
336 2748 623 2803 non—ipsam
655 2749 839 2791 seclusi:
872 2749 1152 2804 interpolata
1182 2754 1288 2791 sunt
1320 2750 1376 2791 ab
1401 2749 1561 2802 eodem,
1585 2749 1663 2803 qni
1685 2753 1726 2790 et
1747 2761 1889 2802 supra
1913 2748 2093 2791 addidit

220 2822 267 2865 id
300 2825 367 2864 est
398 2822 490 2863 sine
514 2836 574 2876 re,
600 2821 800 2875 defendit
816 2822 921 2878 Enq
935 2836 1024 2877 pro
1049 2823 1111 2865 rei
1135 2822 1377 2866 rescribens
1399 2823 1467 2864 3111
1585 2836 1673 2864 rem
1700 2823 1841 2876 ipsam
1863 2821 1996 2871 MRss,
2022 2836 2090 2866 res

219 2897 317 2952 ipsa
353 2894 418 2939 R1
537 2896 562 2937 2
601 2895 889 2938 sine—debet
924 2897 1092 2950 prioris
1130 2896 1341 2938 editionis
1378 2909 1466 2938 esse
1502 2895 1652 2938 iudico
1787 2896 1812 2936 5
1845 2895 1904 2937 sit
1934 2909 2014 2937 om.
2047 2894 2095 2936 1⁴¹

220 3009 246 3050 8
279 2978 412 3063 operef
433 3008 493 3049 M
518 3010 648 3062 (corr.
680 3022 734 3049 m.
767 3009 806 3061 1)
915 3008 1170 3061 formatum
1195 3026 1249 3042 ε
1274 3005 1559 3063 μορφωθέντα
1589 3006 1859 3061 (sinnfdlliffi
1888 3005 2091 3061 yreszar

216 3081 433 3137 yemacht)
457 3086 508 3123 ut
536 3082 733 3134 uidetur,
765 3081 822 3130 ef.
854 3081 985 3124 Rom.
1019 3084 1062 3131 2,
1089 3083 1177 3131 20,·
1200 3100 1254 3115 =
1279 3080 1357 3133 qui
1387 3084 1450 3121 est
1480 3078 1739 3135 (γενόμενον)
1768 3079 2091 3133 interpretatur

219 3155 323 3209 Eny
354 3154 428 3209 (cf.
461 3155 540 3197 Es.
576 3158 650 3204 43,
684 3156 776 3208 10),
807 3154 886 3196 sed
913 3154 1070 3196 melius
1096 3154 1299 3207 fortasse
1328 3152 1590 3195 rescribetur
1618 3152 1825 3193 formato
1859 3172 1913 3188 Ξ
1944 3153 2087 3206 infor-

218 3232 342 3270 mato
421 3228 474 3270 13
505 3228 807 3283 impudentiae
831 3228 889 3281 R,
921 3226 1184 3282 inpudentia
1207 3226 1267 3267 M
1352 3239 1437 3280 qua
1459 3225 1516 3279 R,
1550 3239 1679 3280 quam
1702 3224 1807 3267 MF
1879 3226 1929 3267 17
1964 3239 2087 3280 prae·

219 3302 411 3356 signarit
434 3302 498 3353 M,
526 3302 877 3357 praesignauerit
902 3301 946 3344 R
1020 3301 1073 3342 22
1098 3300 1277 3343 fecisset
1300 3300 1367 3353 M,
1392 3299 1499 3341 fecit
1522 3299 1565 3342 R
1581 3299 1718 3354 uulgo
1794 3299 1848 3342 25
1875 3299 2088 3342 lacunam

217 3375 421 3430 siynaui:
451 3374 628 3417 mallem
660 3388 757 3417 eum
789 3374 945 3417 fecisse
978 3372 1253 3416 intercidi-sse
1282 3372 1463 3422 uidetur
