2248 3646
222 223 325 271 424
589 218 776 270 Quinti
812 217 1040 272 Septimi
1071 217 1350 260 Florentis
1383 218 1715 260 Tertulliani

223 382 279 429 et
326 393 517 444 regeS,
575 378 824 428 auribus
874 377 1173 427 intendite
1219 377 1276 427 in
1326 393 1427 440 me,
1485 379 1762 443 quoniam
1809 380 1900 430 lex
1946 396 2068 446 pro-

224 467 383 517 dibit
422 482 450 516 a
487 483 574 516 me
616 468 673 516 et
712 466 1009 516 iudicium
1049 481 1241 516 meum
1280 465 1338 516 in
1377 466 1572 516 lucem
1604 466 1938 529 nationum,
1973 482 2068 531 quo

221 554 542 604 iudicauerat
596 556 746 618 atque
802 553 1098 603 decreuerat
1148 553 1380 604 nationes
1437 570 1636 619 quoque
1697 553 2071 604 inluminandas

220 657 309 707 per
348 640 602 706 euangelii
637 641 805 706 legem
845 643 996 706 atque
1045 656 1346 691 sermonem.
1394 640 1517 692 haee
1566 641 1661 692 erit
1706 644 1757 692 et
1800 642 1892 691 lex
1939 641 2073 705 apud

223 729 406 790 Dauid,
440 727 962 792 inuituperabiliS,
997 744 1095 793 qua
1126 727 1366 793 perfecta,
1401 732 1764 780 conuertens
1799 730 2070 788 animam,

227 819 402 882 utique
451 817 510 866 ab
558 816 710 867 idolis
759 815 821 866 ad
869 816 1037 878 deum,
1092 815 1176 866 hie
1225 816 1319 866 erit
1366 820 1416 869 et
1463 832 1644 880 serm0‚
1696 817 1754 867 de
1802 833 1899 881 quo
1939 816 2074 867 idem

221 906 424 956 Esaias:
476 905 773 970 quoniam,
823 904 1004 969 inquit,
1055 905 1325 955 decisum
1375 921 1704 956 sermonem
1750 905 1937 956 faciet
1984 905 2074 955 do-

223 994 419 1043 minus
453 993 509 1042 in
543 995 720 1043 terra.
763 992 1177 1057 compendiatum
1211 996 1289 1043 est
1322 992 1455 1042 enim
1486 1008 1679 1043 nouum
1709 994 2073 1043 testamentum

224 1083 272 1130 et
321 1096 348 1130 a
392 1079 524 1146 legis
570 1078 832 1129 laciniosis
881 1079 1115 1130 oneribus
1158 1078 1466 1143 expeditum.
1522 1079 1611 1131 sed
1658 1079 1779 1145 quid
1822 1078 2074 1145 pluribUS,

224 1183 339 1219 cnm
393 1167 719 1218 manifestius
775 1170 826 1216 et
877 1167 992 1217 luce
1045 1167 1158 1232 ipsa
1204 1167 1390 1218 clarius
1437 1167 1645 1218 nouatio
1692 1167 2011 1234 praedicetur
2050 1183 2076 1216 a

225 1258 446 1307 creatore
485 1271 577 1320 per
616 1255 866 1305 eundem?
908 1270 972 1305 ne
1012 1255 1487 1306 rememineritis
1527 1255 1793 1320 priorum
1835 1258 1891 1306 et
1931 1255 2075 1306 anti-

225 1360 335 1408 qua
374 1359 441 1393 ne
473 1342 975 1409 recogitaueritis
1010 1374 1077 1377 —-
1109 1345 1319 1393 uetera
1350 1343 1745 1405 transierunt,
1778 1358 1935 1394 noua
1969 1343 2076 1393 ori-

225 1442 403 1481 untur
434 1461 503 1467 —-
537 1446 671 1481 ecce
711 1431 870 1482 facio
912 1447 1079 1494 noua,
1124 1447 1271 1496 quae
1312 1447 1465 1483 nune
1514 1432 1802 1483 orientur.
1834 1432 1957 1482 item
1990 1447 2078 1496 per

224 1519 559 1570 Hieremiam:
609 1521 829 1570 nouate
878 1518 1053 1569 uobis
1102 1535 1393 1570 nouamen
1443 1535 1660 1570 nouum
1711 1523 1767 1570 et
1805 1535 1873 1570 ne
1916 1534 2076 1570 seue-

224 1608 368 1658 ritis
423 1607 479 1658 in
536 1607 741 1674 spinas
799 1610 861 1659 et
917 1607 1431 1659 circumcidimini
1493 1609 1815 1674 praeputia
1877 1608 2076 1659 cordis

224 1696 420 1747 uestri
484 1697 534 1746 et
594 1695 737 1746 alibi:
804 1711 940 1746 ecee
994 1696 1205 1747 ueniet
1259 1696 1401 1759 dies,
1464 1696 1616 1747 dicit
1671 1696 1965 1757 dominUS‚
2023 1698 2080 1746 et

224 1784 543 1851 perficiam
595 1783 795 1834 domui
834 1784 1011 1835 Iacob
1063 1787 1119 1834 et
1168 1784 1368 1835 domui
1414 1784 1597 1835 Iudae
1646 1787 2078 1835 testamentum

224 1888 463 1933 nouum,
520 1887 630 1923 non
687 1872 1018 1922 secundum
1072 1874 1526 1935 testamentum,
1592 1873 1747 1938 quod
1802 1871 2078 1937 disposui

223 1960 504 2026 patribus
570 1975 770 2010 eorum
833 1959 890 2009 in
956 1959 1066 2021 die,
1140 1975 1252 2025 qua
1314 1960 1544 2025 arripui
1608 1960 2079 2026 dispositionem

225 2063 427 2098 eorum
478 2047 547 2097 ad
594 2047 935 2098 educendos
984 2063 1084 2098 eos
1142 2048 1208 2099 de
1263 2051 1424 2099 terra
1469 2049 1749 2115 Aegypti.
1806 2048 1929 2099 adeo
1983 2047 2079 2113 pri-

223 2136 414 2187 stinum
454 2138 822 2187 testamentum
854 2137 1133 2202 temporale
1168 2136 1439 2203 signifieat,
1482 2137 1602 2187 dum
1635 2137 1882 2188 mutabile
1917 2139 2082 2187 osten-

226 2224 315 2288 dit,
343 2225 498 2275 etiam
531 2225 651 2275 dum
685 2227 946 2275 aeternum
974 2224 1033 2275 de
1060 2228 1262 2291 postero
1289 2225 1578 2289 pollicetur.
1605 2241 1721 2275 nam
1745 2241 1831 2290 per
1854 2224 2079 2275 Esaiam:

226 2312 432 2363 audite
465 2328 568 2374 me,
603 2312 840 2378 <inquit,>
875 2315 931 2362 et
964 2312 1213 2375 uiuetiS,
1250 2315 1307 2363 et
1340 2312 1651 2378 disponam
1688 2312 1866 2363 uobis
1900 2315 2081 2362 testa-

225 2406 485 2452 mentum
552 2404 878 2462 aeternum,
943 2400 1168 2451 adiciens
1210 2404 1419 2450 sancta
1475 2404 1533 2451 et
1587 2401 1801 2451 fidelia
1867 2399 2079 2460 Dauid,

224 2492 283 2539 ut
305 2488 357 2538 id
381 2491 746 2539 testamentum
769 2488 819 2538 in
840 2488 1041 2539 Christo
1063 2488 1397 2539 decursurum
1418 2488 1802 2546 demonstraret,
1825 2504 1879 2537 ex
1900 2503 2082 2554 genere

226 2577 393 2627 Dauid
441 2577 724 2628 seeundum
761 2576 954 2627 Mariae
996 2592 1221 2627 censum.
1266 2576 1482 2627 eundem
1532 2577 1685 2627 etiam
1724 2576 1774 2626 in
1816 2575 1976 2642 uirga,
2027 2591 2082 2625 ex

222 2664 392 2716 radice
439 2665 578 2715 Iesse
627 2679 945 2730 processura,
995 2664 1210 2731 figurate
1265 2664 1607 2730 praedicabat.
1647 2664 1806 2732 igitur
1860 2664 1902 2714 si
1958 2663 2081 2713 alias

223 2754 365 2819 leges
407 2752 637 2819 aliosque
678 2769 937 2804 sermones
980 2757 1030 2803 et
1068 2768 1225 2804 nouas
1258 2755 1684 2804 testamentorum
1719 2752 2082 2817 dispositiones

370 2884 416 2938 4]
449 2882 520 2925 Ps.
558 2883 623 2938 is,
656 2883 694 2926 s.
781 2884 824 2938 7]
858 2883 930 2925 Es.
966 2883 1031 2937 10,
1055 2883 1124 2925 23.
1210 2883 1280 2937 11]
1308 2883 1378 2924 Es.
1404 2882 1474 2936 43,
1503 2882 1568 2925 is.
1653 2883 1724 2937 12]
1750 2881 1795 2924 Π
1821 2881 1915 2924 cor.
1942 2883 1981 2934 5,
2018 2882 2082 2924 17.

228 2957 294 3011 13]
328 2956 402 3000 Es.
435 2957 504 3005 43,
539 2957 605 2999 19.
715 2957 784 3012 14]
819 2956 936 2998 Hier.
969 2958 1008 3011 4,
1042 2957 1168 2999 3—4.
1262 2956 1330 3012 16]
1363 2956 1483 2998 Hier.
1515 2956 1584 3010 ss,
1617 2955 1800 2998 31-32.
1906 2954 1978 3010 23]
2013 2953 2082 2996 Es.

226 3031 294 3079 55,
329 3030 368 3072 3.
460 3030 533 3084 26]
570 3028 620 3072 ef.
654 3030 724 3072 Es.
762 3030 826 3080 11,
863 3031 900 3072 1.

282 3133 310 3174 4
344 3135 388 3174 et
416 3132 485 3174 lex
516 3132 694 3186 scripsi:
726 3132 794 3174 lex
827 3133 872 3174 et
901 3130 1002 3175 MR
1110 3133 1135 3174 5
1169 3131 1336 3174 animas
1359 3132 1477 3174 Pam
1597 3131 1645 3173 11
1680 3131 1872 3187 priorum
1903 3128 2083 3180 MGRss,

224 3196 447 3260 proprium
469 3204 533 3248 R¹
611 3206 661 3247 12
695 3205 997 3261 cogitaueritis
1021 3205 1111 3260 Riy
1188 3203 1239 3247 15
1271 3205 1502 3261 praeputia
1531 3205 1600 3259 M,
1631 3203 1860 3260 praeputio
1892 3203 2083 3258 Ruuzqo

229 3280 280 3322 16
314 3279 501 3320 ueniunt
531 3279 649 3320 Pam
712 3278 763 3321 17
788 3277 899 3321 Iuda
922 3278 1039 3320 Pam
1099 3279 1153 3321 23
1185 3278 1330 3333 inquit
1362 3278 1523 3320 addidi
1582 3278 1637 3319 24
1663 3279 1885 3321 aeternum
1906 3274 2085 3330 <dicens

228 3353 305 3405 et>
334 3350 526 3394 adiciens
559 3352 673 3407 Eny,
704 3365 894 3394 seruans
923 3352 1052 3405 infra
1083 3352 1281 3395 ordinem
1303 3352 1539 3395 uerborum
1613 3352 1667 3393 26
1691 3349 1874 3392 eundem
1905 3348 1956 3390 in
1984 3347 2085 3391 MR

217 3425 365 3479 paulo
392 3428 506 3479 ante,
526 3429 629 3479 post
653 3424 983 3480 demonstraret,
1009 3425 1227 3468 traditum
1249 3426 1334 3468 huc
1357 3425 1573 3468 transtuli
1631 3425 1685 3467 27
1710 3434 2005 3479 processuram
2030 3419 2090 3462 M

2107 1185 2148 1218 10

2111 1623 2150 1655 15

2109 2062 2150 2093 20

2113 2499 2154 2531 25
