2248 3646
249 219 350 269 448
624 214 813 267 Quinti
847 215 1076 271 Septimi
1107 214 1389 257 Florentis
1423 213 1757 257 Tertulliani

246 377 384 429 filius
411 378 656 437 hominis,
675 378 809 428 idem
832 379 934 446 ipsi
953 377 1191 429 Daniheli
1216 377 1478 428 reuelatus
1506 377 1698 429 directo
1726 379 1864 432 filius
1889 379 2125 448 hominiS‚

248 465 458 517 ueniens
494 483 606 517 cum
644 466 770 517 caeli
802 466 1024 517 nubibus
1058 465 1227 526 iudeX,
1254 464 1390 515 sicut
1423 467 1472 516 et
1505 465 1757 532 scriptura
1784 469 2112 520 demonstrat.

321 553 433 604 Hoc
505 554 606 604 dixi
676 553 911 605 sufficere
983 553 1216 620 potuisse
1287 552 1345 601 de
1415 554 1758 606 nominatione
1826 555 2126 622 prophetica

254 642 386 692 circa
424 642 589 692 filium
630 641 869 692 hominis.
918 641 1006 692 sed
1060 642 1178 706 plus
1235 639 1361 690 mihi
1409 640 1660 705 scriptura
1703 642 1910 700 confert,
1958 642 2124 708 ipsius

253 729 453 781 scilicet
502 729 695 781 domini
740 729 1174 795 interpretatione.
1230 744 1342 778 nam
1396 743 1512 778 cum
1561 729 1751 793 Iudaei,
1800 730 2122 781 solummodo
2177 745 2198 777 5

248 820 507 871 hominem
573 820 681 870 eius
744 819 1004 869 intuentes
1067 817 1283 868 necdum
1349 819 1399 867 et
1461 817 1612 868 deum
1676 819 1819 881 certi,
1885 834 1982 884 qua
2046 819 2125 869 dei

254 922 454 973 quoque
500 906 682 968 filium,
737 906 920 957 merito
969 907 1304 956 retractarent
1350 921 1449 955 non
1510 920 1662 971 posse
1725 905 1988 957 hominem
2043 906 2124 956 de-

246 995 371 1045 licta
426 994 703 1056 dimittere,
754 994 843 1044 sed
901 994 1052 1044 deum
1103 994 1287 1052 solum,
1338 1008 1427 1042 cur
1481 1008 1576 1043 non
1634 992 1917 1044 secundum
1964 993 2124 1044 inten-

250 1083 440 1134 tionem
500 1098 674 1133 eorum
732 1082 792 1133 de
846 1082 1053 1132 homine
1103 1081 1173 1130 eis
1237 1080 1518 1146 respondit,
1573 1081 1757 1131 habere
1813 1097 1927 1131 eum
1984 1085 2123 1147 pote-

251 1173 439 1222 statem
480 1170 773 1221 dimittendi
817 1169 1019 1227 delicta,
1062 1168 1262 1234 quando
1306 1170 1356 1219 et
1395 1167 1561 1218 filium
1603 1169 1824 1219 hominis
1857 1169 2120 1221 nominans
2158 1181 2195 1211 10

248 1259 508 1310 hominem
565 1258 864 1317 nominaret,
921 1257 1020 1308 nisi
1076 1257 1192 1322 quia
1248 1256 1362 1307 ideo
1418 1256 1531 1322 ipsa
1586 1257 1756 1307 uoluit
1810 1273 1894 1307 eos
1950 1259 2121 1323 appel-

246 1348 437 1398 latione
479 1346 571 1397 filii
611 1345 833 1396 hominis
886 1361 942 1396 ex
988 1346 1331 1396 instrumento
1372 1343 1638 1395 Danihelis
1686 1348 2020 1410 repercutere,
2062 1347 2121 1396 ut

251 1435 541 1486 ostenderet
567 1450 677 1485 esse
706 1436 756 1484 et
781 1434 1054 1494 hominem,
1084 1432 1170 1498 qui
1197 1432 1384 1482 delicta
1410 1431 1727 1482 dimitteret?
1746 1432 1894 1482 illum
1921 1433 2120 1483 scilicet

249 1523 417 1574 solum
451 1522 616 1572 filium
656 1522 875 1572 hominis
919 1520 1056 1586 apud
1094 1519 1359 1570 Danihelis
1400 1518 1739 1585 prophetiam,
1785 1522 2118 1571 consecutum

246 1610 509 1662 iudicandi
541 1612 854 1675 potestatem
896 1624 954 1659 ac
992 1624 1082 1674 per
1122 1624 1234 1658 eam
1273 1608 1453 1672 utique
1488 1611 1539 1657 et
1580 1607 1870 1658 dimittendi
1913 1608 2115 1670 delicta,
2149 1617 2190 1650 15

246 1727 316 1735 ffl
358 1699 443 1764 qui
486 1699 619 1749 enim
659 1697 859 1748 iudicat
899 1699 948 1748 et
989 1696 1215 1747 absoluit
1254 1726 1323 1732 -κ
1363 1697 1423 1746 ut
1455 1695 1696 1747 scandalo
1737 1696 1838 1746 isto
1880 1695 2113 1747 discusso

245 1804 333 1852 per
380 1787 665 1853 scripturae
713 1785 1114 1837 recordationem
1162 1783 1367 1834 facilius
1417 1800 1532 1834 eum
1574 1785 1907 1851 agnoscerent
1943 1783 2114 1849 ipsum

248 1891 361 1926 esse
410 1874 572 1925 filium
624 1874 842 1925 hominis
893 1889 949 1923 ex
994 1873 1108 1939 ipsa
1153 1874 1480 1939 peccatorum
1527 1871 1844 1923 remissione.
1895 1871 2115 1937 denique

247 1979 503 2029 nusquam
544 1963 710 2013 adhuc
750 1962 1015 2028 professus
1058 1963 1138 2011 est
1179 1975 1232 2011 se
1272 1960 1437 2010 filium
1477 1960 1697 2010 hominis
1739 1975 1891 2025 quam
1930 1960 1981 2009 in
2012 1961 2113 2010 isto

245 2053 358 2103 loco
406 2052 648 2117 primum,
695 2051 745 2100 in
796 2065 894 2116 quo
942 2049 1164 2116 primum
1205 2051 1415 2115 peccata
1455 2048 1665 2110 dimisit,
1712 2047 1766 2097 id
1805 2057 1885 2098 est
1921 2048 1970 2097 in
2012 2063 2112 2113 quo
2144 2059 2186 2091 20

245 2141 468 2207 primum
510 2139 778 2200 iudicauit,
822 2139 942 2189 dum
984 2137 1223 2189 absoluit.
1265 2136 1326 2188 ad
1358 2137 1483 2187 haec
1518 2136 1878 2202 quodcumque
1912 2135 2115 2187 diuersa

245 2245 362 2296 pars
395 2228 551 2279 fuerit
583 2229 941 2295 argumentata
975 2226 1124 2291 quale
1159 2224 1243 2286 sit,
1272 2225 1485 2290 dispice.
1511 2240 1629 2274 nam
1660 2224 1711 2275 in
1735 2224 1876 2274 illam
1903 2239 2114 2275 necesse

250 2320 328 2375 est
368 2316 643 2367 amentiam
683 2315 877 2377 tendat,
919 2316 980 2364 ut
1020 2315 1070 2364 et
1108 2313 1274 2363 filium
1313 2312 1536 2364 hominis
1578 2311 1832 2372 defendat,
1874 2327 1935 2362 ne
1974 2327 2111 2362 men-

250 2405 423 2455 dacem
474 2420 587 2454 eum
631 2403 800 2463 faciat,
851 2404 902 2453 et
941 2418 999 2452 ex
1038 2400 1240 2452 homine
1280 2403 1434 2466 neget
1472 2402 1663 2459 natum,
1712 2415 1772 2450 ne
1812 2399 1972 2450 filium
2012 2399 2112 2449 uir-

249 2493 380 2561 ginis
431 2491 689 2543 concedat.
742 2489 926 2557 quodsi
977 2492 1027 2540 et
1072 2488 1352 2540 auctoritas
1402 2488 1575 2539 diuina
1621 2489 1671 2539 et
1716 2503 1881 2538 rerum
1931 2488 2112 2537 natura
2140 2498 2182 2529 25

248 2584 298 2631 et
345 2580 633 2631 eommunis
684 2579 937 2645 sapientia
990 2594 1087 2629 non
1143 2577 1423 2628 admittunt
1475 2575 1728 2628 insaniam
1780 2575 2108 2637 haereticam,

248 2669 447 2720 occasio
491 2671 570 2719 est
610 2670 660 2718 et
698 2668 780 2718 hic
813 2666 1169 2732 interpellandi
1206 2681 1356 2731 quam
1392 2664 1697 2716 breuissime
1731 2664 1791 2714 de
1825 2662 2112 2714 substantia

249 2755 473 2823 corporis
516 2756 762 2807 aduersus
803 2756 1164 2822 phantasmata
1202 2753 1493 2805 Marcionis
1535 2752 1578 2803 si
1618 2754 1766 2803 natus
1809 2767 1866 2802 ex
1904 2750 2110 2801 homine

249 2847 343 2906 est,
391 2847 448 2895 ut
495 2844 631 2895 filius
679 2843 922 2905 hominiS,
972 2858 1156 2909 corpus
1206 2858 1263 2892 ex
1311 2856 1519 2906 corpore
1567 2842 1660 2891 est.
1717 2840 1865 2905 plane
1904 2838 2108 2889 facilius

244 2933 478 2984 inuenias
519 2932 776 2983 hominem
819 2933 994 2982 natum
1036 2947 1121 2982 cor
1160 2946 1257 2980 non
1299 2929 1484 2980 habere
1524 2929 1609 2980 uel
1648 2928 1929 2989 cerebrum,
1975 2926 2111 2977 sicut
2141 2935 2182 2968 30

331 3061 698 3118 2]cf.Dan.7,13.
760 3059 1234 3116 5]cf.Luo.5,17—-26.
1298 3058 1655 3114 7]0f.Luo.5‚21.
1719 3054 2107 3112 14]0f.Dan.7,14.

304 3150 323 3192 1
358 3149 564 3194 hominis.
598 3149 716 3191 idem
745 3149 882 3204 uulqo
972 3148 1058 3203 ipsi
1081 3147 1260 3190 Danieli
1290 3146 1367 3201 Rss,
1398 3147 1493 3202 ipse
1525 3144 1717 3187 Danihel
1740 3142 1861 3186 MR1
1937 3143 1989 3185 10
2011 3140 2109 3185 con-

243 3223 397 3278 iumye:
423 3222 597 3279 quando
625 3222 705 3277 (da
729 3236 774 3265 er
803 3222 914 3264 doch
932 3255 940 3263 .
961 3221 988 3278 .)
1022 3223 1253 3263 nominans
1277 3220 1499 3262 hominem
1524 3221 1568 3261 et
1590 3218 1727 3260 filium
1752 3216 1940 3259 hominis
1969 3215 2109 3258 nomi-

244 3300 371 3339 naret
493 3297 543 3339 13
578 3310 670 3338 esse
703 3298 748 3338 et
778 3296 1000 3344 hominem
1029 3293 1096 3348 M,
1131 3307 1225 3335 esse
1255 3293 1475 3335 hominem
1506 3290 1562 3344 F,
1596 3293 1642 3333 et
1671 3290 1892 3333 hominem
1923 3290 1979 3343 R,
2013 3302 2109 3330 eum

246 3373 290 3412 et
327 3370 546 3413 hominem
592 3369 646 3420 G,
689 3367 817 3411 deum
859 3371 904 3410 et
942 3367 1163 3410 hominem
1211 3365 1295 3409 Urs
1450 3367 1505 3408 22
1546 3364 1710 3420 dispice
1749 3363 1816 3418 M,
1861 3362 2026 3419 inspice
2064 3360 2109 3403 R

243 3444 296 3486 26
329 3442 544 3486 insaniam
575 3442 687 3498 Riy:
721 3443 766 3484 in
798 3441 1015 3484 insaniam
1044 3441 1145 3483 MR
1233 3440 1287 3482 28
1319 3441 1582 3494 phantasma
1602 3438 1717 3492 fort.
