2248 3646
223 166 327 216 266
596 162 784 214 Quinti
820 162 1051 217 Septimi
1080 162 1364 205 Florentis
1396 163 1734 207 Tertulliani

224 323 2091 394 demonstrabitilli,utuosmiremini.quomodoenim<pater>

225 412 495 463 suscitat
535 407 811 462 mortuos
854 417 913 462 et
951 411 1263 473 mirificat,
1312 411 1405 462 ita
1447 415 1504 463 et
1541 413 1721 467 filius
1764 430 1913 480 quos
1955 416 2094 466 uult

225 500 536 551 uiuificat.
587 515 783 565 neque
832 500 986 550 enirn
1034 502 1210 565 pater
1262 499 1515 563 iudicat,
1571 501 1674 552 sed
1723 518 1891 553 omne
1938 503 2090 554 iudi-

225 588 383 638 oium
440 587 610 638 dedit
663 587 822 649 filio,
884 587 976 637 uti
1032 602 1236 638 omnes
1291 588 1594 640 honorent
1646 590 1871 650 filium,
1928 591 2093 642 sieut

225 675 525 726 honorant
570 677 816 740 patrem.
869 675 970 740 qui
1017 691 1127 726 non
1178 674 1437 726 honorat
1482 676 1707 738 filium,
1758 693 1868 728 non
1916 678 2092 728 liono-

225 767 319 813 rat
362 766 611 829 patrem,
654 763 758 829 qui
795 762 1003 813 filium
1044 763 1232 815 misit.
1277 779 1460 824 amen,
1511 779 1675 815 amen
1725 764 1859 816 dieo
1903 766 2094 828 uobis,

227 851 384 915 quod
417 852 517 916 qui
559 851 731 902 audit
772 866 1107 902 sermonem
1138 851 1389 918 (meum)
1423 854 1480 902 et
1514 851 1718 902 eredit
1758 853 1824 915 ei⁷
1865 854 1966 918 qui
2006 868 2094 902 me

224 939 412 997 misit,
447 939 630 990 habet
661 939 854 989 uitam
887 940 1190 989 aeternam
1218 941 1274 989 et
1301 939 1356 989 in
1390 938 1694 991 iudicium
1727 956 1838 991 non
1872 940 2096 1001 ueniet,

228 1029 334 1079 sed
367 1029 594 1079 transit
634 1028 702 1077 de
744 1029 934 1079 morte
974 1026 1032 1077 in
1074 1027 1282 1078 uitam.
1327 1043 1492 1078 amen
1528 1028 1659 1079 dico
1701 1028 1896 1086 uobis,
1939 1028 2095 1094 quod

227 1116 433 1168 ueniet
479 1116 640 1178 hora,
691 1131 803 1181 qua
850 1115 1089 1178 mortui
1124 1115 1376 1166 audient
1425 1131 1636 1167 uocem
1690 1116 1818 1167 filii
1873 1116 1981 1178 dei,
2040 1120 2097 1166 et

229 1221 354 1255 eum
399 1204 729 1265 audierint,
778 1204 1011 1255 uiuent.
1055 1203 1220 1256 sieut
1261 1205 1418 1255 enim
1463 1208 1639 1270 pater
1678 1206 1862 1256 habet
1906 1206 2097 1255 uitam

229 1293 537 1343 aeternam
580 1308 608 1342 a
650 1292 1004 1358 semetips0‚
1052 1292 1136 1342 ita
1180 1295 1237 1343 et
1278 1292 1416 1343 filio
1458 1293 1629 1344 dedit
1674 1295 1867 1344 uitam
1911 1296 2097 1343 aeter-

229 1395 358 1430 nam
390 1380 612 1430 habere
645 1381 703 1430 in
737 1366 1089 1445 semetips0‚
1131 1382 1190 1430 et
1221 1379 1522 1430 iudicium
1558 1380 1727 1431 dedit
1758 1380 1856 1431 illi
1895 1381 2097 1431 faeere

232 1470 285 1518 in
323 1470 655 1534 potestate,
700 1468 840 1532 quia
872 1467 1048 1518 filius
1084 1467 1348 1518 hominis
1383 1470 1488 1530 est,
1529 1484 1618 1532 per
1651 1483 1852 1519 earnem
1887 1468 2098 1531 seilicet,

229 1557 366 1607 sieut
399 1558 449 1607 et
479 1556 620 1606 filius
656 1556 736 1606 dei
769 1571 858 1622 per
890 1556 1130 1621 spiritum
1165 1556 1292 1607 eius.
1333 1555 1498 1606 adhue
1532 1556 1711 1607 adicit:
1755 1572 1861 1623 ego
1898 1561 2097 1607 autem

229 1644 418 1695 habeo
452 1644 646 1694 maius
682 1659 857 1709 quam
890 1643 1183 1695 Iohannis
1215 1644 1670 1704 testimoni11n13
1715 1659 1898 1710 opera
1931 1644 2098 1706 enim,

229 1747 379 1795 quae
427 1734 598 1797 pater
645 1731 793 1780 mihi
844 1730 1012 1781 dedit
1060 1746 1495 1793 consummare,
1553 1731 1664 1781 illa
1710 1731 1846 1797 ipsa
1895 1731 1962 1782 de
2010 1747 2099 1782 me

230 1819 660 1870 testimoniium
717 1819 1060 1885 perhibent,
1126 1819 1286 1885 quod
1346 1835 1436 1870 me
1490 1821 1662 1884 pater
1723 1819 1985 1880 miserit3
2043 1824 2101 1869 et

232 1902 333 1972 qui
388 1924 475 1958 me
531 1908 704 1958 misit
756 1910 944 1973 pater⁷
999 1908 1131 1974 ipse
1186 1907 1614 1959 testimonium
1670 1908 1824 1959 dixit
1871 1908 1937 1959 de
1993 1924 2095 1961 me.

232 1997 549 2063 subiungens
591 2001 788 2047 autem:
838 2011 1030 2060 neque
1072 2011 1281 2047 uocem
1332 1997 1464 2048 eius
1506 1996 1775 2047 audistis
1816 2013 2096 2062 umquam

231 2100 421 2150 neque
462 2085 714 2135 formam
756 2083 888 2135 eius
929 2084 1205 2146 uidistis,
1255 2084 1524 2136 confirmat
1570 2086 1702 2135 retro
1744 2100 1842 2136 non
1875 2086 2096 2152 patrem,

231 2172 320 2223 sed
366 2172 530 2222 filium
579 2173 742 2224 fuisse
784 2173 871 2238 qui
910 2172 1185 2223 uidebatur
1224 2176 1275 2223 et
1320 2172 1639 2225 audiebatur.
1687 2171 1902 2237 denique
1952 2172 2095 2223 dicit:

232 2275 340 2327 ego
381 2260 519 2310 ueni
560 2260 618 2310 in
661 2261 856 2327 patris
899 2260 1014 2311 mei
1053 2260 1309 2322 nomine,
1360 2263 1419 2312 et
1457 2277 1570 2311 non
1611 2276 1699 2311 me
1748 2260 2096 2325 recepistis,

232 2347 353 2398 adeo
411 2363 614 2413 semper
665 2348 804 2399 filius
853 2350 962 2398 erat
1013 2348 1064 2399 in
1113 2348 1195 2399 dei
1243 2351 1294 2400 et
1339 2349 1475 2415 regis
1526 2351 1577 2399 et
1631 2348 1823 2399 domini
1872 2349 2096 2412 omnipo-

229 2435 385 2486 tentis
427 2439 476 2486 et
516 2436 758 2486 altissimi
801 2437 1017 2487 nomine.
1057 2437 1492 2504 interrogantibus
1542 2433 1714 2487 autem
1765 2436 1887 2501 quid
1934 2436 2097 2486 faeere

231 2523 446 2574 debeant
514 2525 801 2590 respondit:
872 2527 940 2575 ut
1008 2525 1276 2576 credatis
1354 2525 1410 2576 in
1489 2541 1635 2587 eum,
1708 2541 1878 2590 quem
1952 2524 2096 2574 deus

232 2612 411 2664 misit.
474 2628 657 2679 panem
722 2628 926 2679 quoque
990 2629 1044 2664 se
1107 2613 1356 2675 adfirmat,
1414 2630 1564 2679 quem
1622 2616 1765 2679 pater
1817 2615 2100 2679 praestaret

379 2815 446 2869 15]
482 2814 572 2855 [Oh.
608 2815 646 2866 5,
681 2815 866 2857 36—37.
960 2814 1032 2869 20!
1065 2814 1158 2857 ioh.
1193 2817 1232 2869 5,
1266 2816 1333 2858 37.
1427 2815 1497 2871 23]
1533 2815 1626 2858 Ioh.
1663 2817 1700 2865 5,
1734 2816 1803 2858 43.
1896 2816 1968 2871 26]
2002 2815 2095 2859 ioh,

229 2888 269 2940 e,
302 2886 369 2928 29.
461 2887 531 2942 27]
567 2886 619 2930 ef.
652 2887 746 2929 Ioh.
781 2888 820 2939 6,
853 2888 922 2930 32.
1757 2913 1760 2917 -
1788 2875 1792 2881 '

292 3022 309 3061 1
347 3019 670 3062 demonstrabit
702 3021 882 3074 scripsi:
915 3020 1237 3064 demonstrauit
1266 3021 1316 3064 F
1326 3021 1671 3076 Hz'rsaugyiensis
1782 3019 1907 3077 pater
1940 3021 2099 3063 addidi

231 3094 303 3146 (cf.
338 3107 370 3135 c.
406 3095 484 3146 24)
576 3094 601 3135 2
634 3093 832 3136 uiuifioat
856 3093 968 3145 PM,
1001 3094 1247 3137 uiuifieabit
1270 3095 1319 3137 F
1406 3096 1428 3137 7
1463 3108 1706 3137 sermonem
1735 3096 1946 3149 <meum>
1974 3095 2098 3150 Eny:

229 3179 471 3207 sermonem
497 3166 552 3216 F,
586 3180 804 3208 sermones
830 3165 1004 3211 PMR1,
1038 3180 1257 3210 sermones
1287 3168 1468 3221 <meos>
1496 3167 1561 3210 R³
1576 3167 1710 3223 uulqo
1802 3167 1827 3209 8
1862 3168 1983 3209 uenit
2014 3167 2098 3210 Urs

230 3241 253 3280 9
286 3239 448 3280 transit
474 3259 526 3274 z
554 3239 738 3281 transiit
829 3239 881 3281 de
915 3241 1009 3281 uita
1032 3229 1113 3282 'uel
1143 3244 1284 3288 morte
1317 3243 1359 3282 in
1393 3242 1532 3282 uitam
1562 3240 1611 3283 F
1684 3242 1732 3282 11
1770 3241 1842 3295 qui
1876 3240 2098 3282 audierint

230 3312 324 3354 Lat
414 3312 466 3354 13
497 3312 659 3354 habere
692 3325 773 3354 om.
799 3311 848 3353 F
962 3314 1003 3354 in
1032 3327 1056 3355 a
1088 3318 1227 3355 semet
1258 3314 1353 3369 ipso
1377 3313 1427 3356 F
1508 3314 1559 3372 14
1586 3314 1688 3368 quia
1711 3313 1865 3367 PMF,
1900 3327 1985 3368 qua
2014 3314 2096 3356 Gez

231 3386 281 3427 17
315 3385 392 3427 illa
424 3388 468 3427 et
499 3386 595 3440 ipsa
618 3386 666 3427 F
750 3386 805 3427 22
838 3384 947 3428 dicit
970 3385 1079 3436 PM,
1115 3386 1290 3428 dicebat
1312 3386 1361 3428 F
1445 3387 1501 3429 24
1529 3387 1635 3441 <et>
1666 3387 1979 3441 omnipotentis
2012 3386 2096 3428 Urs

2130 1132 2170 1162 10

2133 1568 2197 1601 15-

2132 2010 2173 2040 20

2131 2450 2171 2481 25
