2248 3646
605 240 699 282 Vll.
731 240 992 283 Aduersus
1021 240 1333 284 Marcionem
1365 243 1438 284 lib.
1470 243 1507 284 V
1536 245 1576 285 4.
1890 249 1984 297 581

190 393 414 443 monias
439 398 692 455 uestra&
720 398 776 445 et
800 412 907 446 non
940 396 1228 447 odorabor
1257 397 1311 446 in
1345 397 1708 462 frequentiis
1744 402 1988 460 uestris;

188 478 307 528 item
346 493 432 542 per
471 477 620 528 Osee:
670 482 926 530 auertam
968 482 1283 532 uniuersas
1323 483 1728 534 iocunditates
1769 485 1895 535 eius
1936 490 1990 538 et

190 562 552 613 caerimonia
585 564 712 614 eius
746 568 801 614 et
832 566 1079 615 sabbata
1108 570 1166 616 et
1196 568 1532 618 neomenias
1558 569 1685 619 eius
1713 573 1769 619 et
1794 586 1988 621 omnes

188 648 555 711 frequentias
617 649 760 699 eiuS.
822 655 964 713 ‘quae
1002 651 1110 714 ipse
1150 653 1509 715 constituerat,’
1547 654 1731 718 inquis,
1772 656 1989 705 ‘erasit’P

137 749 156 778 5
188 734 348 798 magis
394 748 541 797 quam
588 734 739 797 alius;
788 738 875 785 aut
913 735 954 785 si
994 736 1138 797 alius,
1187 752 1299 804 ergo
1341 738 1422 787 ille
1463 738 1656 788 adiuuit
1694 741 1988 790 sententiam

186 818 438 879 creatoris,
479 818 704 869 auferens
745 835 869 884 quae
901 822 951 869 et
979 820 1064 870 ille
1095 821 1431 872 damnauerat.
1472 823 1557 873 sed
1589 840 1681 873 non
1714 825 1864 875 huius
1895 825 1991 875 loci

186 904 428 967 quaestio,
462 919 549 953 cur
577 905 716 970 leges
750 920 865 955 suas
899 910 1090 956 creator
1118 907 1388 973 infregerit.
1413 908 1617 968 suffieit,
1652 909 1785 973 quod
1815 909 1991 964 infrac-

182 991 352 1038 turum
398 989 737 1053 probauimus,
792 993 850 1040 ut
894 992 1209 1042 confirmetur
1253 993 1375 1042 nihil
1420 995 1703 1058 apostolum
1750 994 1990 1044 aduersus

185 1075 455 1124 creatorem
496 1073 867 1139 determinasse,
907 1091 1017 1125 eum
1059 1080 1109 1126 et
1144 1078 1252 1141 ipsa
1292 1078 1514 1128 amolitio
1553 1080 1680 1143 legis
1715 1095 1741 1129 a
1772 1082 1991 1133 creatore

114 1174 154 1204 10
184 1158 266 1210 sit.
378 1157 475 1208 Sed
513 1162 571 1208 ut
607 1160 801 1209 furibus
844 1160 971 1211 solet
1010 1162 1199 1225 aliquid
1233 1163 1453 1212 excidere
1488 1163 1544 1212 de
1577 1164 1759 1228 praeda
1788 1164 1836 1213 in
1868 1164 1991 1213 indi-

184 1244 332 1304 cium,
370 1244 441 1294 ita
480 1244 622 1294 credo
657 1248 706 1294 et
734 1246 1038 1296 Marcionem
1071 1247 1398 1297 nouissimam
1430 1247 1655 1298 Abrahae
1686 1249 1989 1298 mentionem

183 1329 524 1393 dereliquisse,
563 1330 700 1378 nulla
737 1331 899 1395 magis
931 1332 1211 1393 auferenda,
1252 1333 1346 1382 etsi
1387 1349 1440 1382 ex
1472 1336 1610 1396 parte
1650 1333 1909 1383 conuertit.
1949 1332 1989 1381 si

184 1414 312 1462 enim
343 1413 632 1463 Abraham
667 1415 814 1464 duos
847 1415 1070 1466 liberos
1102 1417 1326 1476 habuit,
1368 1434 1541 1467 unum
1577 1433 1638 1467 ex
1678 1419 1904 1467 ancilla
1937 1421 1992 1467 et

184 1498 362 1547 alium
397 1513 458 1547 ex
489 1498 695 1560 libera,
724 1500 825 1549 sed
857 1501 1047 1564 quiex
1081 1502 1299 1552 aneilla
1331 1503 1650 1552 carnaIIter
1680 1505 1853 1552 natus
1887 1505 1990 1563 est,

113 1599 151 1629 15
184 1583 281 1646 qui
335 1599 473 1633 uero
522 1599 582 1633 ex
621 1584 812 1634 libera
849 1601 948 1650 per
986 1588 1529 1652 repromissionem,
1572 1619 1636 1623 —
1678 1604 1820 1652 quae
1856 1590 1992 1638 sunt

185 1670 514 1735 allegorica
566 1669 637 1738 (id
691 1674 768 1721 est
820 1672 955 1721 aliud
1008 1674 1395 1738 portendentia):
1451 1674 1595 1724 haec
1650 1678 1786 1724 sunt
1840 1675 1989 1724 enim

184 1756 291 1805 duo
317 1758 679 1805 testamenta
702 1756 990 1823 (siue‘duae
1017 1759 1361 1818 ostensiones',
1381 1760 1513 1809 sicut
1534 1760 1818 1810 inuenimus
1843 1760 1988 1809 inter-

180 1841 482 1908 pretatum):
509 1858 685 1891 unum
710 1858 736 1891 a
767 1849 963 1892 monte
992 1843 1127 1894 Sina
1157 1845 1211 1893 in
1247 1861 1603 1910 synagogam
1637 1844 1986 1894 Iudaeorum

184 1926 502 1975 secundum
542 1928 734 1991 legem
775 1943 1059 1991 generans
1100 1930 1152 1998 in
1195 1931 1567 1990 seruitutem,
1603 1931 1781 1979 alium
1813 1944 1990 1993 super

113 2025 152 2055 20
185 2026 408 2061 omnem
433 2012 834 2077 principatum
863 2029 1148 2078 generans
1174 2015 1290 2064 uim
1318 2015 1779 2065 dominationem
1800 2017 1855 2064 et
1880 2029 1989 2063 om-

183 2110 250 2145 ne
281 2111 483 2146 nomen
517 2097 672 2160 quod
703 2097 1053 2159 nominatur,
1086 2114 1193 2148 non
1226 2101 1452 2149 tantum
1485 2100 1538 2148 in
1572 2100 1679 2150 hoc
1712 2113 1853 2148 aeuo
1888 2097 1987 2147 sed

184 2184 240 2230 et
268 2181 323 2230 in
355 2182 574 2241 futuro,
600 2182 654 2230 in
680 2197 848 2247 quam
881 2184 1332 2247 repromisimus
1359 2188 1618 2234 sanctam
1655 2184 1987 2244 eeclesiam,

182 2281 326 2330 quae
367 2270 454 2316 est
493 2269 681 2316 mater
720 2270 917 2317 nostra
964 2298 1029 2304 ——
1073 2269 1285 2333 ideoque
1326 2270 1498 2320 adicit:
1538 2273 1780 2334 propter
1819 2268 1985 2332 quod,

183 2351 415 2412 fratres,
440 2367 547 2402 non
576 2367 774 2402 sumus
802 2353 1056 2403 ancillae
1081 2354 1218 2415 filii,
1246 2356 1345 2404 sed
1370 2354 1610 2415 liberae,
1636 2355 1809 2418 utique
1830 2353 1985 2403 mani-

113 2452 152 2481 25
183 2437 390 2486 festauit
414 2440 464 2487 et
487 2436 857 2487 Christianismi
888 2440 1273 2504 generositatem
1307 2440 1354 2489 in
1379 2440 1481 2490 filio
1505 2440 1730 2490 Abrahae
1756 2455 1810 2489 ex
1832 2440 1987 2488 libera

182 2525 295 2572 nato
315 2522 581 2587 allegoriae
606 2523 784 2573 habere
811 2528 1191 2587 sacramentum,
1211 2526 1342 2575 sicut
1360 2528 1409 2575 et
1425 2526 1664 2576 Iudaismi
1690 2525 1987 2575 seruitutem

180 2608 394 2674 legalem
431 2609 478 2657 in
517 2607 620 2658 filio
659 2609 884 2671 ancillae,
924 2612 1073 2675 atque
1103 2611 1174 2660 ita
1206 2611 1313 2660 eius
1346 2610 1423 2660 dei
1455 2626 1565 2662 esse
1597 2614 1859 2674 utramque
1891 2610 1988 2659 dis-

323 2801 362 2855 2]
397 2800 469 2843 Os.
501 2802 539 2850 2,
575 2802 638 2842 11.
721 2802 900 2861 13—23]
924 2803 1054 2845 uerba
1078 2804 1302 2857 apostolici
1325 2804 1551 2846 Marcionis
1578 2817 1599 2845 e
1625 2804 1717 2845 Gal.
1742 2805 1781 2853 4,
1805 2805 1986 2846 22—24.

182 2872 235 2912 26
268 2875 310 2913 et
339 2871 445 2926 Eph.
478 2872 514 2922 1,
547 2872 596 2913 21
632 2873 927 2914 consarcinata
957 2877 999 2916 et
1029 2875 1199 2917 detorta
1277 2876 1357 2930 ,23]
1389 2875 1481 2917 Gal.
1512 2877 1551 2929 4,
1583 2876 1649 2917 31.

242 3000 259 3039 1
303 2998 511 3040 odorabor
547 2999 681 3041 Pam:
721 2999 927 3042 adorabor
963 3001 1060 3044 MR
1188 3003 1213 3044 3
1261 3003 1516 3044 caerimonia
1551 3003 1662 3052 MR,
1710 3003 1986 3043 caerimonias

181 3070 294 3110 Pam
395 3071 419 3110 5
451 3072 525 3110 aut
554 3069 681 3122 MR1,
713 3073 758 3111 at
787 3070 850 3113 R⁸
951 3072 1003 3114 10
1034 3075 1082 3114 ut
1110 3073 1239 3127 MR1,
1271 3076 1314 3114 et
1344 3073 1405 3115 R³
1502 3074 1551 3115 12
1582 3072 1988 3114 nulla—auferenda

181 3140 306 3194 Eny:
339 3140 832 3183 nullam—auferendam
864 3142 961 3185 MR
1048 3145 1261 3186 conuertit
1289 3144 1347 3185 M
1373 3146 1446 3197 (tit
1475 3145 1523 3185 in
1553 3145 1657 3195 ras.)
1687 3143 1745 3198 R,
1775 3144 1988 3185 conuertit

182 3210 273 3252 Lat
388 3211 439 3252 15
463 3213 748 3264 parenthesin
776 3213 979 3255 indicaui
1065 3216 1117 3257 19
1148 3216 1276 3257 alium
1307 3215 1416 3268 MR,
1450 3215 1565 3256 aliud
1595 3216 1682 3268 Riy
1774 3215 1828 3256 22
1860 3227 1983 3267 quam

190 3282 292 3324 Urs.-
323 3296 444 3336 quem
477 3284 576 3326 MR
669 3283 724 3326 23
753 3286 891 3327 uerba
923 3300 1029 3340 quae
1062 3291 1127 3329 est
1156 3290 1293 3328 mater
1321 3289 1480 3340 nostra,
1511 3300 1622 3340 quae
1649 3287 1698 3327 in
1727 3286 1824 3328 MR
1845 3285 1986 3337 paulo

181 3366 318 3406 supra
340 3358 443 3406 post
471 3355 513 3395 in
546 3355 689 3396 futuro
723 3357 933 3410 leyuntur,
963 3357 1045 3399 huc
1074 3359 1300 3400 transtulit
1329 3359 1429 3412 Enq
