2248 3646
238 199 355 249 XVI
992 195 1339 238 Praefatio.

235 357 470 423 equidem
513 357 678 408 dicere
718 372 816 407 non
856 356 1086 416 audeam,
1128 370 1244 406 cum
1283 355 1365 406 hic
1402 355 1510 406 illic
1543 354 1814 406 diuersitas
1847 355 2096 420 quaedam

235 445 516 510 scripturae
550 443 972 510 deprehendatur,
1015 458 1143 508 quae
1175 446 1345 493 tamen
1376 459 1474 493 non
1509 458 1566 494 ea
1599 445 1692 506 est,
1726 445 1786 493 ut
1814 459 1914 495 non
1944 443 2095 494 inter-

235 532 388 583 uallis
438 531 746 597 quibusdam
795 531 854 582 ab
903 530 1078 581 eadem
1119 546 1272 580 manu
1311 530 1478 581 onmia
1520 529 1711 596 scripta
1750 546 1863 581 esse
1905 531 2096 582 credas„

235 620 397 670 multo
446 618 804 685 neglegentius
854 620 1083 669 exaratus
1127 621 1204 667 est
1252 631 1404 682 quam
1442 616 1931 683 Montepessulanus
1981 620 2031 668 et
2071 633 2099 668 a

233 706 438 758 librario
502 707 613 773 ipso
684 706 863 757 multis
925 705 1053 756 10013
1121 706 1395 767 0011001113,
1458 705 1761 771 plerumque
1815 704 2098 756 secundum

235 794 488 860 exemplar
521 793 610 844 sed
643 793 900 845 interdum
926 793 1079 843 etiam
1108 808 1170 842 ex
1203 792 1510 842 coniectura.
1529 792 1564 856 1)
1605 791 1898 843 emendauit
1928 795 2098 844 autem

231 884 492 948 praeterea
523 882 659 932 hunc
693 881 919 933 codicem
954 897 1010 931 ex
1040 880 1184 931 libris
1217 879 1677 947 Hirsaugiensibus
1709 880 1903 946 primus
1938 880 2099 933 editor

232 971 422 1021 Beatus
455 969 747 1031 Rhenanus,
790 969 1034 1035 supplens
1076 984 1133 1020 ex
1163 969 1268 1019 illis
1303 983 1431 1034 quae
1463 968 1512 1018 111
1546 967 1929 1019 Ρο1011110001131
1959 969 2097 1020 uide·

232 1058 321 1108 bat
359 1058 551 1108 omissa
591 1059 642 1107 et
679 1057 849 1107 uarias
890 1072 1066 1107 eorum
1104 1056 1350 1107 lectiones
1392 1056 1476 1106 uel
1517 1072 1671 1122 supra
1701 1071 1883 1107 uersus
1923 1057 2010 1107 uel
2046 1057 2094 1107 in

232 1145 461 1211 margine
509 1144 831 1211 adnota1is.2)
886 1144 958 1195 ita
1011 1144 1322 1195 instructum
1370 1143 1598 1194 codicem
1636 1144 1809 1210 ipsum
1848 1143 2098 1196 Frobenio

229 1231 368 1297 typis
401 1231 793 1283 describendum
827 1231 1189 1293 commodauit,
1232 1247 1385 1297 quam
1419 1231 1481 1282 ob
1514 1247 1620 1282 rem
1654 1231 1716 1282 ad
1747 1232 1964 1282 uerbum
1997 1232 2098 1283 fere

233 1319 505 1370 concordat
562 1334 679 1370 cum
732 1319 820 1370 1110
861 1319 1091 1370 Rhenani
1145 1319 1322 1385 prima.
1377 1319 1560 1369 artiore
1609 1321 1782 1370 autem
1830 1319 2096 1371 affinitatis

231 1406 439 1458 uinculo
478 1407 745 1458 cohaerere
778 1407 913 1458 hunc
944 1407 1133 1458 librum
1167 1423 1284 1457 011111
1315 1407 1767 1473 Montepessulano
1803 1423 1951 1473 quam
1982 1424 2096 1459 cuni

234 1493 714 1560 Hirsaugiensibus,
772 1494 870 1545 etsi
925 1494 987 1544 ad
1043 1494 1260 1544 eunden]
1314 1493 1509 1544 fo‘ntem
1566 1509 1651 1545 eos
1708 1509 1883 1545 omnes
1937 1494 2099 1545 redire

236 1583 433 1632 certum
489 1583 582 1643 est,
640 1597 755 1632 cum
813 1597 869 1632 ex
916 1597 1102 1647 magno
1152 1583 1554 1647 corruptelarum
1602 1598 1811 1633 numero
1851 1581 2099 1633 librorum

233 1666 354 1719 MP
406 1668 758 1720 communium
812 1672 923 1719 tum
979 1684 1036 1718 ex
1090 1670 1387 1719 lacunarum
1436 1668 1709 1719 earundem
1757 1669 1894 1720 haud
1940 1685 2098 1736 paruo

234 1771 443 1806 numero
501 1756 627 1807 satis
683 1756 863 1821 liquet,
921 1772 1046 1821 quas
1094 1756 1145 1806 in
1185 1756 1648 1823 Hirsaugiensibus
1695 1772 1793 1807 non
1840 1757 2002 1808 fuisse
2050 1762 2099 1808 01

233 1842 508 1894 Rhenanus
550 1843 699 1894 testis
743 1848 820 1895 031
854 1851 904 1895 01
938 1844 1094 1895 0οᾶοΧ
1133 1843 1458 1895 Florentinus
1498 1843 1611 1906 F.3>
1651 1847 1879 1895 ceterum
1913 1848 2101 1910 quanta

233 1930 558 1998 neglegentia
597 1931 885 1997 descriptus
920 1934 999 1982 est
1030 1932 1437 1983 Paterniacensis
1476 1932 1606 1983 liber
1636 1962 1706 1968 —-
1738 1932 1928 1999 passim
1965 1933 2095 1983 enim

233 2018 342 2068 hiat
378 2018 577 2069 lacunis
618 2019 706 2069 ubi
745 2020 1232 2084 Montepessulanus
1281 2023 1359 2071 est
1404 2021 1601 2087 integer
1639 2051 1708 2056 —
1747 2023 1889 2071 tanta
1943 2021 2094 2071 etiarn

233 2105 520 2172 corrigendi
575 2107 876 2172 exemplaris
929 2122 1019 2157 nec
1074 2123 1172 2158 non
1225 2107 1569 2174 interpolandi
1614 2107 1894 2176 audacia.4)
1950 2109 2098 2160 corri-

234 2306 315 2348 hoc
347 2306 496 2348 codice
530 2320 554 2348 a
584 2321 714 2348 manu
747 2308 834 2350 alia
864 2309 1105 2350 recentiore
1138 2309 1302 2363 scripta
1331 2310 1433 2351 uita
1463 2307 1511 2351 S.
1544 2308 1763 2351 Simeonis
1793 2309 2004 2351 monachi
2026 2310 2103 2362 qui

231 2379 352 2421 stetit
396 2393 529 2434 super
575 2381 828 2423 columnam
877 2384 921 2423 et
965 2382 1158 2424 narratio
1208 2382 1259 2424 de
1297 2382 1442 2424 Dareo
1481 2382 1717 2435 incipiens:
1767 2382 1985 2436 antiquas
2018 2395 2102 2437 per

235 2452 450 2495 historias
481 2453 586 2495 dum
616 2468 879 2509 quaererem,

313 2524 342 2579 1)
375 2524 465 2568 Ubi
496 2526 542 2568 id
574 2526 739 2569 sactum
775 2530 854 2582 031,
887 2529 929 2569 111
963 2531 1176 2584 apparatu
1210 2527 1421 2571 adnotaui
1452 2542 1562 2572 corr.
1594 2543 1649 2570 m.
1674 2531 1698 2570 1
1730 2528 1822 2570 siue
1856 2539 1968 2571 corr.
2002 2528 2098 2571 libr.

233 2598 350 2652 ipse;
381 2598 551 2641 duobus
585 2600 657 2641 uel
688 2600 829 2642 tribus
862 2601 969 2642 locis
1002 2601 1295 2643 animaduerti
1328 2602 1458 2644 aliam
1489 2615 1664 2643 manum
1699 2604 1769 2653 (m.
1805 2600 1853 2656 2)
1887 2603 1930 2642 et
1961 2601 2102 2656 ipsam

235 2671 476 2725 antiquam.

309 2743 342 2799 2)
377 2743 660 2787 Coniecturas
694 2760 809 2792 suas,
842 2749 960 2802 ipsas
995 2761 1167 2802 quoque
1200 2748 1245 2789 in
1276 2749 1473 2802 margine
1505 2750 1697 2802 notatas,
1730 2747 1781 2789 ab
1815 2747 2102 2803 Hirsaugien-

236 2818 348 2859 sium
378 2818 645 2860 lectionibus
678 2820 744 2861 ita
776 2820 978 2862 distinxit
1008 2821 1260 2870 Rhenanus,
1292 2823 1342 2862 ut
1372 2822 1447 2862 hisv
1473 2821 1596 2863 alias
1628 2821 1717 2863 illis
1749 2821 1863 2875 fort.
1895 2820 2103 2876 praescri-

236 2890 377 2935 beret.
422 2894 615 2933 ceterum
655 2891 700 2933 in
738 2893 938 2948 margine
978 2893 1143 2948 primae
1185 2892 1394 2935 editionis
1433 2893 1505 2935 hic
1543 2893 1635 2935 illic
1672 2893 1879 2948 leguntur
1918 2905 2029 2947 quae
2060 2892 2105 2933 in

236 2962 569 3006 Paterniacensi
601 2978 689 3007 non
722 2968 1024 3021 compareant,
1049 2966 1157 3008 haec
1183 2966 1322 3021 igitur
1344 2966 1460 3008 inter
1484 2966 1822 3021 imprimendum
1847 2979 1872 3008 a
1894 2966 2105 3008 Rhenano

235 3034 389 3078 addita
419 3038 537 3078 sunt.

312 3107 344 3161 ³)
378 3108 433 3151 cf.
469 3110 656 3165 exempli
688 3112 833 3166 gratia
863 3125 905 3166 p.
938 3112 978 3165 8,
1010 3111 1079 3154 20.
1113 3111 1180 3162 13,
1214 3112 1282 3153 21.
1316 3112 1387 3164 28,
1418 3112 1487 3154 22.
1519 3112 1590 3163 41,
1625 3112 1691 3154 10.
1724 3112 1796 3162 90,
1827 3113 1898 3154 25.
1934 3112 2029 3162 116,
2062 3112 2102 3153 2.

310 3181 343 3231 ¹¹)
376 3180 442 3223 Ex
481 3196 559 3224 suo
599 3183 738 3238 ipsius
779 3183 959 3226 arbitrio
1005 3184 1232 3226 librarium
1280 3183 1441 3227 codicis
1487 3184 1837 3227 Paterniacensis
1885 3184 2106 3240 exemplar

235 3269 361 3297 suum
394 3256 630 3299 correxisse
661 3256 814 3299 multis
846 3257 955 3300 locis
986 3270 1242 3312 persuasum
1267 3257 1423 3312 habeo,
1446 3257 1523 3299 ubi
1546 3257 1930 3300 Paterniacensem
1955 3259 2108 3300 contra

235 3328 618 3384 Montepessulani
650 3332 695 3372 et
726 3329 1109 3385 Hirsaugiensium
1150 3343 1404 3373 consensum
1446 3329 1590 3372 facere
1632 3329 1778 3384 uideo,
1809 3333 1861 3372 ut
1890 3344 1932 3385 p.
1964 3331 2006 3384 2,
2038 3331 2105 3373 17.

236 3401 276 3452 3,
305 3402 371 3444 11.
397 3401 518 3454 6,·12
544 3405 588 3446 01
615 3403 666 3445 19
693 3402 874 3458 (ubique
907 3403 979 3445 uel
1011 3402 1253 3458 supplendo
1286 3403 1356 3444 uel
1390 3401 1662 3445 emendando
1695 3402 1894 3445 restituit
1924 3404 2105 3455 uerum).
