2248 3646
134 1217 172 1245 10

130 1642 168 1671 15

128 2066 169 2098 20

126 2493 167 2523 25

538 281 631 322 VII.
663 279 922 322 Aduersus
953 280 1265 321 Marcionem
1295 279 1371 323 lib.
1402 279 1490 320 IIII
1521 281 1700 322 33—34.
1905 285 2004 333 533

201 453 453 487 uxorem
487 453 660 487 suam
693 439 753 499 et
783 436 971 485 aliam
1007 435 1274 497 duxerit,
1301 435 1696 485 adulterium
1731 438 2004 486 commit-

200 526 311 583 tet,
343 523 450 587 <et>
482 522 586 587 qui
627 521 951 571 dimissam
984 536 1011 570 a
1041 521 1179 570 uiro
1214 520 1483 581 duxerit,
1523 536 1716 585 aeque
1748 522 2006 572 adulter

202 610 311 668 est,
338 637 405 642 -—
430 609 487 656 ut
518 606 590 656 sic
623 622 818 670 quoque
842 605 1104 670 prohibeat
1128 605 1417 665 diuortium,
1441 605 1689 655 inlicitum
1713 606 1835 656 facit
1863 623 2007 671 repu-

200 693 362 742 diatae
400 691 773 741 matrimonium
811 720 879 726 —
915 691 1119 755 Moyses
1173 705 1291 739 uero
1343 690 1592 753 permittit
1640 692 1905 755 repudium
1957 693 2005 742 in

199 775 609 827 Deuteronomio:
645 776 697 824 si
730 776 1042 825 sumserit
1067 776 1209 838 quis
1237 791 1493 826 uxorem
1519 778 1578 825 et
1600 776 2007 826 habitauerit

201 878 333 912 cum
386 876 467 921 ea,
522 863 581 911 et
634 860 932 910 euenerit
983 875 1098 910 non
1152 860 1445 910 inuenire
1492 877 1620 910 eam
1668 861 1830 925 apud
1873 877 2005 911 eum

198 947 494 1011 gratiam,
547 961 612 995 eo
661 944 824 1010 quod
861 945 1193 995 inuentum
1232 946 1415 995 sitin
1455 946 1573 995 illa
1609 945 2005 1011 impudicum

198 1032 545 1097 negotium,
607 1030 857 1080 scribet
914 1030 1218 1079 libellum
1277 1030 1533 1095 repudii
1595 1033 1655 1079 et
1714 1030 1894 1080 dabit
1946 1031 2005 1079 in

196 1132 376 1167 manu
438 1117 575 1166 eius
631 1118 691 1165 et
743 1115 1037 1164 dimittet
1087 1115 1266 1164 illam
1322 1115 1393 1165 de
1454 1115 1625 1165 domo
1675 1131 1799 1165 sua,
1861 1115 2004 1166 uides

198 1202 542 1251 diuersitatem
582 1201 709 1266 legis
751 1203 800 1250 et
838 1200 1103 1264 euangelii,
1142 1199 1307 1263 Moysi
1348 1202 1397 1250 et
1436 1198 1673 1250 Christi'?
1711 1200 1870 1265 plane.
1909 1215 2004 1249 non

198 1287 326 1336 enim
370 1285 604 1350 recepisti
648 1285 775 1335 illud
822 1299 1017 1348 quoque
1059 1284 1376 1350 euangelium
1417 1284 1641 1334 eiusdem
1687 1285 1916 1335 ueritatis
1958 1288 2005 1334 et

198 1371 421 1421 eiusdem
462 1370 664 1429 Christi,
709 1370 758 1420 in
805 1385 900 1433 quo
946 1370 1216 1434 prohibens
1257 1370 1532 1419 diuortium
1569 1371 1819 1434 propriam
1861 1385 2005 1434 quae-

198 1458 411 1507 stionem
444 1456 550 1505 eius
583 1455 827 1505 absoluit:
867 1456 1121 1519 Moyses
1152 1458 1415 1519 propter
1447 1455 1749 1505 duritiam
1791 1455 2003 1505 cordis

197 1541 404 1591 uestri
446 1541 781 1606 praecepit
817 1540 1125 1589 libellum
1162 1540 1415 1604 repudii
1456 1540 1625 1599 dare;
1682 1557 1708 1589 a
1746 1541 2003 1605 primor-

198 1626 297 1676 dio>
349 1630 555 1675 autem
609 1642 724 1675 non
778 1626 907 1674 fuit
960 1625 1071 1683 sic;
1128 1625 1243 1689 quia
1281 1626 1475 1675 scilicet
1521 1626 1626 1689 qui
1672 1641 1900 1675 marem
1947 1629 2006 1675 et

196 1712 488 1761 feminam
540 1711 799 1770 fecerat,
856 1713 1041 1760 erunt
1095 1711 1228 1771 duo,
1284 1710 1486 1770 dixerat,
1524 1711 1581 1759 in
1633 1726 1817 1760 carne
1864 1726 2002 1770 una3

198 1797 359 1859 quod
393 1797 545 1846 deus
577 1795 796 1860 itaque
829 1796 1053 1858 iunxit,
1083 1796 1262 1845 homo
1288 1796 1447 1860 (non)
1473 1796 1879 1846 disiunxerit.
1910 1796 2003 1846 hoc

198 1881 328 1930 enim
373 1896 610 1945 responso
659 1883 708 1930 et
745 1881 908 1945 Moysi
955 1881 1369 1931 constitutionem
1414 1881 1642 1946 protexit,
1694 1883 1752 1930 ut
1804 1882 1900 1941 sui,
1959 1883 2009 1930 et

197 1967 430 2016 creatoris
462 1967 831 2016 institutionem
863 1966 1053 2026 direxit,
1087 1970 1143 2016 ut
1175 1966 1402 2016 Christus
1427 1966 1602 2030 ipsius
1637 1966 1723 2017 sed
1756 1970 2002 2030 quatenus

199 2068 253 2100 ex
290 2052 368 2101 his
405 2052 734 2102 reuincendus
775 2067 843 2112 eS,
877 2067 1000 2116 quae
1038 2051 1288 2115 recepisti,
1328 2052 1400 2102 sic
1437 2052 1528 2101 tibi
1571 2067 1841 2109 occurram,
1873 2067 1929 2101 ac
1962 2053 2004 2101 si

195 2153 336 2187 meus
385 2137 615 2187 Christus
654 2138 848 2202 <tuus:>
884 2152 1043 2187 nonne
1084 2132 1133 2186 et
1168 2138 1277 2201 ipse
1322 2137 1589 2201 prohibens
1638 2137 1910 2187 diuortium
1957 2139 2006 2186 et

196 2237 362 2286 parem
419 2224 584 2271 tamen
644 2225 844 2288 gestans
897 2222 1021 2281 eiuS,
1063 2222 1147 2285 qui
1198 2237 1384 2271 marem
1438 2224 1488 2271 et
1537 2222 1773 2271 feminam
1826 2222 2003 2280 iunxit,

197 2307 508 2357 excusauerit
557 2307 725 2371 potius
777 2323 924 2371 quam
985 2308 1283 2357 destruxerit
1332 2308 1499 2372 Moysi
1559 2308 2002 2357 constitutionem?

198 2393 285 2441 sed
331 2407 443 2442 ecce
483 2393 555 2442 sic
592 2395 711 2442 tuus
758 2394 824 2442 sit
867 2393 964 2442 iste
1006 2392 1235 2443 Christus
1277 2394 1580 2442 contrarium
1620 2392 1801 2442 docens
1840 2393 2002 2456 Moysi

199 2480 248 2526 et
286 2477 510 2537 creatori,
549 2481 621 2538 ut,
676 2477 718 2526 si
755 2494 849 2528 non
888 2478 1190 2528 contrarium
1230 2478 1509 2538 ostendero,
1564 2493 1706 2527 meus
1754 2478 1835 2526 sit.
1892 2477 2001 2527 dico

337 2643 380 2695 5]
413 2643 541 2685 Deut.
574 2642 641 2696 24,
676 2643 711 2683 1.
804 2643 871 2696 13]
904 2643 1058 2684 Matth.
1094 2643 1157 2692 19,
1190 2644 1228 2685 8.
1320 2645 1502 2697 15—17]
1536 2644 1688 2685 Matth.
1724 2644 1787 2696 19,
1819 2644 1858 2684 4.
1892 2645 1929 2687 5.
1964 2645 2001 2685 6.

199 2713 250 2754 cf.
282 2712 386 2755 Gen.
422 2715 457 2763 l,
489 2714 562 2763 27;
595 2715 633 2763 2,
666 2715 732 2755 24.

259 2814 274 2852 1
310 2813 551 2854 committet
580 2813 690 2866 MR,
723 2813 954 2854 committit
988 2814 1206 2866 Oehlerus,
1238 2814 1450 2855 commisit
1478 2815 1591 2855 Pam
1720 2814 1744 2853 2
1777 2817 1820 2855 et
1851 2814 2006 2855 addidi

199 2882 223 2923 3
248 2882 529 2935 parenthesin
549 2884 768 2925 indicauit
787 2884 908 2937 Eny:
932 2887 1010 2925 est.
1036 2886 1082 2924 ut
1105 2885 1236 2938 uulgo
1296 2886 1321 2925 5
1345 2884 1694 2926 deutheronomio
1717 2885 1775 2925 M
1828 2886 1852 2926 9
1877 2898 2002 2925 manu

197 2954 306 3001 MF,
336 2967 507 2995 manum
529 2953 573 2996 R
633 2955 683 2995 17
708 2968 791 2995 non
818 2955 992 2995 addidit
1014 2955 1116 3008 Eny
1203 2955 1482 2996 disiunxerit‘?
1511 2956 1592 2997 hoc
1615 2958 1747 3010 uulyo
1808 2957 1859 2997 19
1892 2956 2001 2996 dire-

198 3026 260 3065 xit
281 3025 335 3076 R,
361 3024 562 3066 direxerit
583 3025 684 3067 MF
758 3026 812 3067 20
836 3039 1038 3079 quaerere
1070 3026 1249 3080 coepisti
1272 3024 1333 3068 R¹
1404 3027 1455 3067 21
1480 3030 1579 3067 tuus
1604 3027 1761 3068 addidi
1783 3027 1853 3079 (ef.
1877 3027 2004 3079 infra

201 3095 228 3138 Z.
260 3098 356 3148 24):
388 3095 489 3150 Enq
522 3097 585 3137 sic
620 3097 719 3137 uult
755 3097 955 3138 rescribi.-
991 3097 1052 3138 sic
1090 3096 1171 3137 tibi
1210 3110 1423 3138 occurram
1454 3099 1520 3151 [ac
1551 3097 1625 3151 si]:
1657 3111 1774 3138 meus
1808 3096 2001 3139 Christus

198 3179 336 3207 nonne
365 3171 441 3207 etc.
501 3168 555 3207 22
579 3180 722 3220 parem
744 3167 899 3221 scripsi
920 3167 985 3219 (id
1006 3172 1067 3209 est
1089 3168 1434 3220 aduersarium:
1458 3171 1623 3221 patrem
1646 3169 1743 3211 MR
1829 3172 2001 3222 gestans

197 3237 295 3295 ,MR
324 3237 397 3290 (cf.
430 3238 642 3290 angelum,
674 3237 888 3278 hominem
927 3241 1094 3292 gestare
1126 3238 1176 3279 de
1206 3251 1337 3279 carne
1370 3238 1468 3279 Chr.
1500 3240 1573 3288 14,-
1606 3244 1645 3280 ei
1673 3239 1830 3280 ibidem
1862 3253 1896 3282 e.
1925 3240 2001 3280 12.-

201 3308 416 3348 dominum
454 3307 718 3348 circumferre
756 3308 926 3349 sabbati
964 3313 1002 3350 et
1042 3311 1149 3361 499,
1189 3312 1238 3350 3.-
1274 3309 1458 3350 iudicem
1496 3310 1680 3363 gerere):
1718 3313 1882 3351 testans
1913 3309 2003 3350 Lat

202 3378 344 3431 (prob.
369 3377 483 3430 Eny)
606 3378 695 3418 eius
719 3379 895 3431 scripsi:
918 3392 1011 3420 eum
1035 3379 1133 3420 MR
1212 3380 1265 3419 24
1291 3393 1385 3421 ecce
1408 3381 1468 3421 sic
1490 3381 1546 3429 R,
1570 3394 1663 3422 ecce
1688 3382 1723 3421 si
1746 3381 1800 3433 F,
1826 3394 1872 3422 ac
1897 3380 1932 3420 si
1949 3384 2006 3423 M
