2248 3646
223 210 327 260 328
600 206 787 258 Quinti
821 206 1046 270 Septimi
1077 206 1351 248 Florentis
1385 207 1716 249 Tertulliani

222 367 440 419 nolendo
495 367 775 432 prohibuit,
832 367 966 418 malo
1022 368 1193 416 autem
1247 382 1455 432 parcere
1509 366 1660 417 deum
1713 367 1973 435 indignius
2029 367 2097 418 sit

225 472 377 522 quarn
426 455 848 516 animaduertere,
906 456 956 505 et
1011 453 1221 519 quidem
1269 454 1360 504 deo
1409 454 1620 519 optimo,
1678 455 1763 519 qui
1817 472 1913 506 non
1971 456 2094 506 alias

224 545 372 610 plane
418 543 583 594 bonus
639 542 723 607 sit,
779 542 878 593 nisi
932 542 1054 592 mali
1103 542 1354 605 36111111113,
1411 541 1488 591 uti
1535 542 1656 592 boni
1703 558 1946 593 amorem>
1981 543 2093 594 odio

225 631 347 682 mali
380 633 613 682 exerceat
644 633 694 681 et
732 630 853 680 boni
891 630 1110 680 tutelam
1153 629 1523 696 expugnatione
1562 629 1686 679 mali
1722 629 1950 694 impleat.

300 721 382 770 27.
417 719 516 770 Sed
548 718 745 769 iudicat
775 718 923 784 plane
956 718 1150 767 malum
1184 717 1402 768 nolendo
1437 720 1487 768 et
1521 717 1726 767 damnat
1764 718 2095 783 prohibendo,
2127 736 2168 767 -5

226 808 445 859 dimittit
493 810 661 857 autem
713 822 810 858 non
863 804 1169 856 uindicando
1222 807 1272 855 et
1319 805 1546 856 absoluit
1593 822 1690 856 non
1731 805 2002 871 puniendo,
2070 823 2096 856 o

227 897 378 947 deum
426 893 662 946 ueritatis
710 893 1193 959 praeuaricatorem„
1244 892 1529 944 sententiae
1579 909 1699 943 suae
1742 894 2097 958 eireuinserip-

224 987 415 1035 torem!
485 983 637 1033 timet
684 982 919 1032 damnare
970 981 1107 1047 quod
1149 980 1369 1037 damnat„
1420 981 1571 1031 timet
1611 981 1783 1032 odisse
1825 981 1962 1047 quod
2001 998 2098 1032 non

228 1076 381 1134 amat,
414 1073 608 1122 tactum
647 1071 768 1121 sinit
801 1069 937 1135 quod
970 1069 1078 1119 fieri
1112 1085 1210 1120 non
1247 1069 1383 1129 sinit,
1418 1069 1622 1119 mauult
1667 1069 1934 1120 ostendere
1978 1069 2100 1135 quid

226 1162 357 1212 nolit
418 1176 570 1226 quam
630 1159 857 1225 probare.
908 1158 1004 1208 hoe
1061 1157 1405 1207 erithonitas
1456 1157 1776 1223 imaginaria,
1827 1157 2098 1222 disciplina
2129 1179 2171 1209 10

225 1250 533 1315 phantasma
581 1249 631 1297 et
681 1247 810 1313 ipsa³
867 1245 1267 1296 transfunctoria
1320 1247 1606 1310 praecepta,
1665 1260 1843 1295 secura
1898 1245 2098 1296 delicta.

228 1338 419 1398 audite,
461 1338 776 1402 peccatore&
820 1333 1009 1399 quique
1046 1333 1268 1384 nondum
1307 1334 1399 1384 hoe
1436 1332 1578 1394 estis,
1620 1336 1678 1383 ut
1719 1349 1829 1384 esse
1862 1334 2095 1398 possitis:

229 1427 354 1476 deus
388 1425 569 1475 melior
600 1424 840 1474 inuentus
883 1425 977 1485 est,
1021 1421 1108 1487 qui
1149 1437 1240 1471 neo
1284 1420 1558 1471 offenditur
1599 1437 1691 1471 nee
1731 1421 1971 1472 irascitur
2009 1438 2100 1472 neo

228 1513 514 1572 ulciscitur,
574 1511 657 1563 eui
706 1511 880 1562 nullus
928 1510 1065 1575 ignis
1117 1509 1354 1574 coquitur
1400 1509 1450 1558 in
1501 1509 1744 1575 gehenna,
1799 1509 1880 1559 eui
1926 1509 2098 1560 nullus

230 1602 462 1653 dentium
503 1600 707 1651 frendor
747 1600 919 1650 horret
958 1599 1007 1648 in
1044 1597 1380 1648 exterioribus
1414 1596 1662 1647 tenebris:
1704 1597 1867 1647 bonus
1902 1600 2097 1647 tantum
2132 1619 2171 1650 15

230 1692 323 1741 est.
382 1688 599 1753 denique
648 1686 886 1753 prohibet
926 1685 1238 1750 delinquere
1296 1684 1383 1735 sed
1421 1684 1614 1735 ‘litteris
1659 1684 1798 1735 solis.
1861 1684 1911 1734 in
1952 1685 2099 1736 uobis·

173 1780 175 1782 ’
228 1780 323 1838 est,
387 1777 430 1826 si
484 1775 657 1826 uelitis
712 1775 789 1825 illi
846 1774 1153 1839 obsequium
1212 1773 1530 1839 subsignare.
1598 1774 1655 1822 ut
1707 1772 1949 1822 honorem
2006 1772 2097 1823 deo

227 1866 470 1917 habuisse
510 1854 813 1924 uideamini3
857 1863 1092 1912 timorem
1137 1862 1270 1912 enim
1312 1877 1410 1912 non
1451 1861 1579 1912 uult.
1622 1863 1774 1926 atque
1815 1861 1941 1911 adeo
1982 1877 2100 1927 prae

229 1971 282 2006 se
321 1955 494 2005 serunt
522 1952 875 2012 Marcionitae,
919 1950 1055 2016 qnod
1097 1950 1251 2001 deum
1293 1966 1443 2000 suum
1487 1950 1691 2000 omnino
1736 1965 1831 2000 non
1868 1949 2099 1999 timeant.

228 2042 411 2093 ‘malus
438 2041 606 2103 enim'‚
632 2040 887 2106 inquiunt,
908 2039 1210 2101 ‘timebitur‚
1230 2038 1392 2088 bonus
1414 2040 1586 2088 autem
1614 2037 1891 2104 diligetur’.
1922 2036 2112 2099 stulta.
2133 2060 2174 2092 20
2220 2023 2222 2025 .

230 2132 382 2196 quem
432 2129 697 2179 dominum
748 2127 977 2193 appellas
1033 2141 1190 2192 negas
1247 2125 1551 2186 timendum,
1610 2141 1726 2174 eum
1773 2125 1869 2175 hoe
1920 2141 2102 2176 nomen

228 2218 505 2284 potestatis
534 2217 617 2278 sit,
653 2216 808 2267 etiam
841 2214 1135 2265 timendae?
1178 2216 1230 2264 at
1256 2213 1512 2278 quomodo
1550 2213 1754 2279 diliges,
1788 2213 1885 2263 nisi
1917 2213 2101 2263 timeas

230 2324 328 2359 non
369 2307 616 2373 diligere?
664 2305 811 2371 plane
851 2318 943 2353 nee
985 2305 1133 2368 pater
1172 2304 1294 2352 tuus
1338 2303 1431 2362 est,
1472 2301 1521 2351 in
1564 2317 1712 2366 quern
1758 2303 2017 2367 competat
2055 2302 2105 2350 et

232 2411 372 2446 arnor
411 2397 620 2460 propter
657 2393 900 2457 pietatem
947 2393 997 2441 et
1035 2391 1191 2441 timor
1231 2393 1438 2456 propter
1477 2392 1804 2455 potestatem7
1847 2404 1939 2439 nee
1978 2388 2104 2454 legi-

228 2483 390 2533 timus
426 2481 681 2539 dominus,
724 2485 783 2530 ut
815 2478 999 2547 diligas
1040 2481 1248 2544 propter
1280 2477 1655 2527 humanitatem
1690 2479 1741 2526 et
1772 2477 1957 2528 timeas
1990 2491 2100 2542 pro-
2134 2498 2176 2531 25

228 2573 342 2635 pter
389 2568 727 2634 disciplinam.
799 2567 872 2617 sie
920 2566 1138 2631 denique
1185 2564 1423 2631 plagiarii
1464 2563 1762 2630 diliguntur,
1805 2579 1901 2614 non
1949 2562 2102 2613 etiam

230 2657 493 2708 timentur.
558 2672 656 2707 non
697 2656 831 2706 enim
869 2654 1139 2705 timebitur
1178 2653 1278 2704 nisi
1318 2652 1458 2703 iusta
1499 2653 1549 2703 et
1588 2651 1838 2702 ordinaria
1879 2651 2105 2702 domina-

231 2745 321 2800 tio,
364 2745 511 2811 diligi
545 2747 717 2795 autem
750 2745 923 2809 potest
957 2743 1110 2813 etiam
1140 2741 1412 2801 adulteras
1440 2740 1805 2791 sollicitatione
1832 2739 1965 2789 enim
1993 2753 2104 2789 eon-

234 2836 352 2894 stat,
379 2849 476 2884 non
506 2832 829 2893 auctoritate,
859 2832 907 2881 et
941 2830 1250 2888 adulatione,
1286 2845 1382 2880 non
1416 2831 1689 2895 potestate.
1732 2827 1855 2893 quid
1889 2826 2104 2892 denique

352 2964 421 3018 14]
443 2962 665 3005 ofiMatth.
686 2962 812 3015 5‚30;
837 2960 903 3010 18,
923 2961 966 3005 8.
987 2960 1117 3002 Mare.
1138 2961 1175 3010 9,
1194 2960 1263 3001 43.
1329 2960 1401 3013 15]
1424 2958 1651 3005 cf.Matth.
1672 2958 1711 3007 8,
1733 2958 1806 3008 12;
1825 2957 1929 3000 Luc.
1951 2957 2017 3009 13,
2034 2957 2103 2998 28.

295 3052 313 3092 1
342 3050 583 3106 prohibuit.
609 3050 725 3092 malo
750 3049 888 3104 uulyo
972 3050 997 3089 3
1024 3048 1152 3104 plane
1177 3048 1248 3100 M,
1271 3048 1399 3102 plene
1424 3046 1618 3101 Ruulyo
1694 3047 1721 3087 4
1747 3048 1792 3087 et
1814 3043 1947 3096 MRss,
1972 3045 2021 3084 ut
2043 3043 2105 3086 Β1

235 3125 257 3165 7
284 3125 553 3167 *sententiae
585 3124 641 3166 M
672 3123 789 3178 (syll.
822 3137 898 3165 sen
930 3123 979 3164 m
1011 3124 1121 3175 ras.)
1226 3121 1251 3163 8
1285 3135 1373 3163 non
1403 3134 1485 3162 om.
1518 3119 1566 3161 F
1601 3113 1604 3115 ’
1669 3119 1717 3160 11
1751 3118 2028 3174 phantasma,
2062 3118 2105 3158 et

231 3198 329 3252 ipsa
360 3197 704 3240 transfunctoria
729 3198 864 3251 uulyo
959 3197 1011 3238 14
1038 3195 1237 3250 coquitur
1263 3197 1339 3249 (qu
1365 3207 1416 3236 em
1440 3208 1468 3248 g
1492 3207 1520 3234 a
1543 3208 1597 3235 m.
1623 3194 1662 3246 1)
1686 3192 1744 3234 M
1858 3204 2027 3246 geenna
2052 3189 2106 3230 M

234 3271 279 3325 (h
312 3285 344 3313 8.
377 3285 420 3312 u.
458 3272 562 3314 add.
595 3285 649 3313 m.
682 3273 720 3324 1)
815 3270 868 3311 16
900 3270 1041 3311 literis
1075 3269 1133 3311 M
1221 3269 1274 3310 18
1314 3281 1417 3322 prae
1459 3281 1503 3309 se
1542 3266 1690 3309 ferunt
1727 3264 1861 3314 MRss,
1903 3277 1948 3306 se
1980 3276 2103 3318 prae-

234 3345 382 3387 ferunt
418 3343 481 3387 R²
586 3345 641 3386 20
689 3345 802 3386 enim
850 3343 1030 3397 scripsi:
1080 3345 1227 3383 autem
1260 3341 1360 3383 MR
1481 3339 1691 3395 diligetur
1721 3338 1787 3382 M.
1830 3337 2030 3392 diligitur
2060 3336 2104 3378 R

235 3419 288 3459 22
325 3418 458 3460 etiam
492 3431 572 3460 om.
606 3417 654 3458 F
770 3420 816 3458 at
847 3416 905 3469 Β,
939 3420 1015 3458 aut
1045 3407 1106 3456 'M
1191 3416 1244 3456 26
1277 3413 1476 3469 placiarii
1507 3413 1568 3454 M
