2248 3646
195 196 241 247 X
669 175 671 178 Α
936 187 1286 231 Praefatio.

192 371 293 421 quo
335 354 558 415 30001110,
607 368 636 403 a
674 368 774 418 quo
815 352 926 403 uiro
968 351 1036 402 sit
1077 349 1373 416 congestae,
1422 345 1618 406 dubito,
1673 359 1793 395 num
1834 354 2059 405 unquam

190 441 465 508 quisquam
492 440 561 491 sit
591 439 944 508 indagaturus.
976 437 1031 489 id
1064 436 1272 503 quidem
1303 450 1391 501 pro
1426 435 1562 486 certo
1596 433 1769 497 potest
1801 426 2058 487 affirmari,

189 529 254 589 ei,
289 529 377 595 qui
407 528 666 579 laudabile
698 526 795 579 hoc
828 525 1094 594 negotium
1128 523 1376 590 suscepit,
1410 520 1647 572 notitiam
1679 518 1840 570 fuisse
1865 515 2056 566 nullam

190 631 353 682 neque
390 615 532 666 illius
573 614 800 680 corporis
833 611 1184 673 Tertullianei‚
1220 610 1356 676 quod
1390 611 1694 676 congestum
1725 607 1976 658 habemus
2008 604 2059 655 in

186 702 364 754 codice
410 702 690 770 Agobardi‚
740 700 970 767 episcopi
1015 697 1392 766 LugdunensiS‚
1446 712 1609 761 neque
1649 694 1861 746 minoris
1900 692 2059 753 illius,

190 807 247 842 ex
288 806 388 856 quo
428 790 782 840 instruxerunt
821 788 1072 840 editiones
1114 802 1234 837 suas
1267 784 1523 836 Martinus
1556 782 1788 835 Mesnart
1819 783 1869 832 et
1902 779 2062 847 Sigis-

188 879 414 930 mundus
449 877 710 930 Gelenius.
751 876 976 928 dubitari
1015 876 1150 927 enim
1189 875 1386 941 nequit,
1427 873 1564 940 quin,
1606 872 1651 922 si
1688 870 1924 921 uouisset
1954 868 2059 930 illa,

186 968 279 1017 aut
311 981 488 1017 omnes
521 965 609 1031 qui
641 965 691 1016 in
730 964 837 1016 illis
878 963 1179 1030 corporibus
1221 962 1491 1013 exstabant
1524 959 1643 1011 libri
1676 956 1979 1009 Tertulliani
2008 957 2059 1007 in

186 1069 340 1105 suum
381 1069 566 1119 corpus
605 1053 761 1104 fuerit
796 1054 1097 1118 recepturus
1139 1053 1229 1101 aut
1267 1050 1492 1109 nullum;
1527 1063 1552 1099 e
1593 1047 1780 1113 quibus
1819 1048 2059 1096 neutrum

186 1141 424 1192 uidemus
463 1141 675 1192 factum.
725 1138 1020 1192 Gallicanae
1069 1141 1242 1190 autem
1291 1136 1539 1189 ecclesiae
1579 1151 1672 1186 nos
1713 1133 1896 1185 debere
1935 1132 2059 1183 haec

184 1229 283 1280 tria
337 1243 564 1295 corpora,
621 1229 718 1280 etsi
772 1244 863 1294 pro
911 1230 1049 1279 certo
1097 1225 1273 1278 haberi
1310 1241 1410 1277 non
1449 1226 1639 1291 potest,
1696 1225 1907 1274 eatenus
1949 1237 2057 1287 per-

184 1333 399 1369 suasum
438 1317 762 1379 habebimuS‚
811 1317 933 1368 dum
974 1317 1127 1368 certis
1166 1315 1452 1367 rationibus
1494 1312 1931 1364 demonstrabitur
1971 1310 2058 1361 ali*

182 1404 318 1457 unde
373 1421 432 1457 ea
477 1405 528 1456 in
571 1404 794 1457 Galliam
840 1404 1090 1456 translata
1130 1420 1260 1456 esse.
1302 1405 1530 1454 ceterum
1571 1401 1622 1452 in
1662 1400 1813 1451 ltalia
1853 1415 1911 1450 ea
1951 1407 2059 1450 orta

188 1508 303 1543 esse
368 1493 611 1559 equidem
683 1492 822 1544 haud
892 1492 1045 1544 facile
1115 1490 1436 1543 crediderim.
1505 1489 1614 1540 illic
1677 1488 1812 1539 enim
1876 1486 2068 1539 Gelasii

187 1580 449 1646 pontificis
491 1581 756 1632 decretum
795 1582 1000 1632 tantum
1048 1579 1279 1632 ualuisse
1325 1579 1427 1629 iam
1477 1577 1744 1645 cognitum
1799 1576 2067 1636 habemus,

187 1674 248 1718 ut
285 1683 496 1733 prorsus
539 1669 705 1720 omnis
745 1667 853 1719 illic
894 1668 1063 1719 deleta
1104 1667 1173 1719 sit
1212 1666 1517 1718 Tertulliani
1547 1664 1810 1717 memoria.
1854 1668 2067 1716 cunctos

187 1755 324 1807 enim
366 1755 454 1821 qui
493 1756 543 1807 in
583 1755 914 1808 bibliothecis
954 1756 1101 1808 Italis
1143 1757 1476 1807 asseruantur
1522 1753 1726 1806 codices
1766 1751 2068 1803 Tertulliani

188 1842 451 1895 deriuatos
486 1860 599 1896 esse
641 1860 698 1896 ex
739 1844 941 1897 duobus
981 1845 1087 1896 illis
1118 1843 1428 1896 Florentinis
1461 1842 1524 1894 N
1555 1845 1606 1894 et
1635 1841 1693 1893 F
1726 1857 1751 1893 e
1793 1839 2067 1893 Germania

187 1934 238 1982 et
266 1931 435 1983 Gallia
453 1933 659 1984 saeculo
687 1933 864 1998 quinto
896 1932 1094 1984 decimo
1123 1948 1180 1983 00
1214 1931 1500 1999 apportatis
1532 1946 1696 1997 nuper
1728 1929 2066 1995 docuimusffj:

257 2019 339 2070 Ad
397 2019 726 2071 iudicandam
788 2023 962 2072 autem
1024 2021 1251 2087 corporis
1316 2018 1671 2072 Cluniaeensis
1725 2017 1954 2068 indolem
2009 2032 2066 2067 ac

185 2109 420 2158 naturam
476 2108 668 2159 summi
721 2109 830 2162 fore
884 2109 1135 2167 momenti
1189 2124 1307 2160 curn
1361 2122 1668 2174 persuasum
1716 2105 1974 2167 haberem,
2024 2105 2067 2155 31

181 2210 565 2262 cognoscerem,
606 2212 735 2263 quae
776 2196 905 2248 ratio
945 2195 1286 2248 intercederet
1316 2195 1450 2248 inter
1479 2194 1797 2263 Agebardini
1826 2193 2065 2245 lectionis

184 2283 486 2334 memoriam
521 2286 573 2334 et
606 2284 802 2335 saeculi
833 2284 1095 2336 undecimi
1128 2285 1382 2343 codicum,
1415 2284 1467 2335 in
1501 2282 1919 2335 commentariolo
1951 2299 2064 2334 meo

181 2386 340 2436 supra
370 2371 635 2423 nominato
676 2371 748 2441 (p.
793 2373 1027 2439 16--34)
1068 2373 1196 2424 duos
1237 2372 1331 2424 hos
1372 2371 1748 2424 Tertullianeae
1787 2370 2063 2422 memoriae

182 2460 343 2509 testes
383 2458 518 2510 inter
557 2474 612 2511 se
654 2460 966 2527 comparem,
1014 2461 1065 2511 in
1108 2476 1315 2513 examen
1369 2459 1572 2512 uocatis
1626 2458 1747 2510 libri
1799 2458 1859 2510 de
1914 2475 2065 2510 carne

183 2544 384 2597 Christi
423 2547 680 2614 capitibus
719 2548 966 2618 I—XL2)
1007 2565 1159 2615 quem
1192 2550 1383 2601 librum
1417 2548 1586 2601 solum
1618 2547 1669 2598 in
1704 2549 1922 2613 utroque
1956 2562 2061 2598 cor-

179 2748 416 2791 heimensis
449 2749 616 2792 saeculi
639 2749 678 2792 X
702 2748 898 2805 (Becker,
929 2749 1140 2807 Cataloyi
1165 2752 1343 2807 antiqui
1366 2751 1436 2801 37,
1464 2749 1548 2793 320
1573 2751 1618 2792 et
1638 2750 1746 2804 3213
1778 2749 1864 2792 385
1892 2750 1936 2790 et
1958 2748 2056 2791 386.

178 2821 236 2875 cf.
268 2822 391 2876 Mai,
423 2821 542 2877 Spic.
576 2822 705 2866 Rom.
741 2823 777 2865 V
812 2824 930 2877 186):
963 2823 1097 2867 Libri
1134 2824 1411 2868 Tertulliani
1432 2823 1708 2879 presbyteri:
1746 2822 1799 2865 de
1831 2822 2062 2877 patientia

178 2895 256 2940 lib.
288 2895 334 2949 I,
367 2895 420 2938 cle
451 2897 604 2939 carnis
634 2898 955 2940 resurrectione
986 2898 1063 2940 lib.
1095 2897 1140 2951 I,
1175 2898 1280 2942 adu.
1312 2897 1596 2940 Marcionem
1636 2897 1711 2939 lib.
1753 2896 1804 2950 V,
1837 2895 1889 2938 cle
1927 2908 2062 2938 earne

182 2967 352 3011 Christi
391 2968 466 3011 lib.
498 2969 533 3011 I
564 2970 615 3012 in
652 2983 744 3013 uno
783 2970 941 3014 codice.
983 2970 1163 3015 deinde:
1206 2971 1316 3014 liber
1352 2970 1628 3013 Tertulliani
1658 2969 1928 3026 presbyteri;
1959 2969 2060 3011 item

180 3042 302 3084 alius
348 3042 458 3085 liber
502 3043 792 3088 Tertulliani.
847 3044 1056 3100 denique:
1102 3046 1207 3087 item
1254 3045 1360 3087 libri
1406 3043 1692 3087 Tertulliani.
1749 3043 1942 3085 dubitari
1990 3043 2060 3083 uix

176 3116 343 3170 potest,
384 3115 490 3170 quin
532 3115 643 3159 haec
682 3117 774 3158 sint
813 3118 1005 3172 corporis
1044 3118 1185 3160 nostri
1221 3118 1419 3160 membra
1460 3116 1667 3171 disiecta3
1700 3116 1776 3159 sed
1809 3115 1972 3158 certius
2005 3113 2058 3156 de

177 3187 260 3231 hac
292 3202 338 3231 re
369 3188 565 3231 iudicare
600 3189 710 3232 exile
742 3191 937 3246 catalogi
970 3189 1145 3233 dicendi
1175 3190 1314 3246 genus
1348 3194 1487 3233 uetat.

253 3259 284 3316 1)
319 3261 372 3304 cf.
407 3263 815 3306 commentariolum
846 3278 988 3306 meum
1021 3264 1112 3307 Die
1148 3254 1775 3319 Tertullian-Uberlieferuny
1806 3263 1856 3304 in
1887 3261 2058 3303 Italien

176 3335 223 3378 in
255 3334 353 3377 Act.
384 3333 521 3378 Acad.
555 3334 685 3380 vind.
718 3338 824 3378 tom.
858 3336 1137 3379 CXXXVIII.
1169 3336 1458 3379 vindobonae
1494 3336 1618 3381 1898.

250 3406 283 3461 2)
315 3408 499 3451 Mutilus
534 3412 603 3452 est
635 3411 681 3453 in
715 3411 862 3454 codice
894 3409 1179 3466 Agobardino
1212 3410 1285 3453 hio
1316 3410 1440 3453 liber.
