2248 3646
220 226 322 277 532
603 219 792 272 Quinti
825 216 1056 272 Septimi
1085 214 1363 258 Florentis
1396 213 1726 256 Tertulliani

220 379 301 430 dei
358 360 556 428 dicens:
610 376 712 426 lex
768 376 830 425 et
881 372 1246 439 prophetae
1297 385 1506 435 usque
1573 369 1646 420 ad
1707 370 2081 432 Iohannem;

223 482 291 517 ex
330 480 451 531 quo
492 478 760 530 regnum
801 461 903 512 dei
943 459 1392 511 adnuntiatur.
1434 457 1582 524 quasi
1612 473 1712 509 non
1747 460 1797 509 et
1827 474 1919 510 nos
1951 459 2085 510 limi-

218 557 324 605 tem
364 551 619 618 quendam
660 562 1000 617 agnoscamus
1037 547 1314 598 Iohannem
1354 545 1695 597 constitutum
1732 546 1868 597 inter
1910 550 2088 598 uetera

222 643 274 691 et
326 655 476 701 noua,
533 638 596 688 ad
651 652 804 703 quem
859 635 1115 686 desineret
1166 633 1461 685 Iudaismus
1517 635 1565 684 et
1620 651 1647 684 a
1694 650 1793 699 quo
1838 634 2088 701 inciperet

221 726 666 788 Christianismus,
706 739 804 775 non
842 726 1030 787 tamen,
1060 725 1121 773 ut
1152 722 1212 772 ab
1255 721 1354 772 alia
1389 721 1584 772 uirtute
1623 721 1759 772 facta
1791 722 1860 773 sit
1890 722 2086 774 sedatio

219 815 353 883 legis
410 817 460 865 et
511 813 878 880 prophetarum
932 814 984 861 et
1033 809 1256 860 initiatio
1313 808 1583 876 euangelii,
1623 809 1674 860 in
1724 825 1822 875 quo
1873 811 1954 861 est
1988 809 2088 861 ‘dei

220 908 468 971 regnum.²
496 897 755 970 [Christus
779 896 929 969 ipse]
963 914 1080 949 nam
1103 897 1157 948 id
1189 898 1232 948 si
1258 897 1607 964 probauimuS,
1634 900 1685 948 et
1707 900 1886 948 uetera
1908 898 2088 949 transi-

219 995 338 1042 tura
377 993 428 1042 et
466 1005 601 1041 noua
641 1002 945 1040 successura
982 985 1263 1051 praedicari
1304 1001 1332 1036 a
1371 987 1614 1046 creatore,
1664 985 1709 1036 si
1749 987 1800 1036 et
1836 986 2089 1036 Iohannes

224 1081 520 1130 antecursor
544 1079 595 1127 et
624 1077 952 1142 praeparator
984 1073 1272 1126 ostenditur
1302 1073 1505 1124 uiarum
1538 1073 1732 1126 domini
1764 1074 2090 1140 euangelium

223 1164 588 1231 superducturi
621 1166 672 1214 et
701 1179 917 1229 regnum
958 1161 1040 1212 dei
1071 1161 1466 1228 promulgaturi,
1503 1163 1553 1212 et
1585 1178 1642 1213 ex
1673 1162 1770 1213 hoc
1801 1162 1921 1223 iam,
1955 1162 2092 1227 quod

221 1254 474 1305 Iohannes
513 1252 673 1314 uenit,
720 1251 830 1318 ipse
882 1250 978 1301 erit
1029 1248 1268 1302 Christus
1325 1249 1413 1314 qui
1450 1249 1729 1301 Iohannem
1779 1249 1874 1301 erit
1913 1249 2089 1301 subse-

223 1345 373 1394 cutus
428 1344 488 1392 ut
541 1342 947 1399 antecursorem3
990 1340 1057 1400 et,
1107 1338 1150 1388 si
1198 1337 1461 1388 desierunt
1506 1342 1682 1388 uetera
1727 1341 1778 1388 et
1817 1341 2090 1405 coeperunt

223 1445 359 1480 noua
394 1427 654 1480 interstite
694 1426 935 1487 Iohanne,
974 1440 1074 1476 non
1116 1424 1212 1475 erit
1250 1426 1434 1475 mirum
1480 1426 1615 1491 quod
1656 1441 1712 1476 ex
1754 1425 2090 1492 dispositione

224 1520 303 1568 est
343 1515 603 1577 creatoriS,
637 1517 697 1565 ut
727 1513 1051 1579 unde<unde>
1090 1513 1256 1580 magis
1296 1514 1542 1579 probetur
1575 1530 1650 1564 euve
1685 1530 1836 1579 quam
1873 1529 1930 1565 ex
1960 1514 2091 1581 legis

225 1606 276 1656 et
312 1603 683 1670 prophetarum
721 1602 772 1652 in
813 1602 1089 1652 Iohannem
1130 1614 1316 1652 occasu
1352 1603 1403 1651 et
1436 1601 1612 1651 exinde
1655 1603 1768 1652 ortu
1807 1601 1953 1668 regni
1994 1600 2088 1650 dei.
2142 1617 2161 1648 5

223 1694 528 1743 transeat
565 1690 728 1758 igitur
768 1690 1021 1741 caelum
1063 1691 1125 1739 et
1163 1691 1339 1739 terra
1386 1689 1610 1752 eitius,
1660 1689 1797 1741 sicut
1837 1692 1887 1739 et
1924 1690 2003 1740 lex
2044 1693 2094 1740 et

222 1778 1445 1846 prophetae,quamunusapexuerborum
1473 1777 2091 1829 domini—uerbum

226 1869 377 1929 enim,
411 1867 581 1932 inquit
611 1866 810 1928 Esaias,
847 1866 949 1916 dei
989 1866 1202 1916 nostri
1242 1868 1455 1916 manet
1493 1866 1554 1916 in
1595 1881 1822 1917 aeuum
1855 1884 1947 1916 --;
1978 1883 2092 1916 nam

227 1956 466 2022 quoniam
506 1957 558 2006 in
598 1955 751 2006 Esaia
780 1954 882 2004 iam
916 1957 1038 2004 tunc
1071 1952 1327 2016 Christus,
1370 1969 1535 2005 sermo
1570 1954 1771 2005 scilicet
1801 1958 1852 2004 et
1884 1955 2094 2020 spiritus

225 2044 488 2106 creatoris,
520 2043 799 2095 Iohannem
832 2042 1151 2109 praedicarat
1174 2073 1244 2078 ——
1267 2057 1450 2093 uocem
1484 2042 1755 2093 clamantis
1786 2042 1836 2092 in
1869 2042 2092 2093 deserto:
2128 2057 2145 2085 2

227 2133 460 2198 parate
513 2130 686 2181 uiam
743 2129 988 2180 domini
1044 2159 1111 2164 —-
1165 2129 1215 2178 in
1265 2130 1362 2180 hoc
1408 2135 1701 2192 uenturum,
1757 2132 1816 2180 ut
1859 2129 1991 2196 legis
2046 2133 2095 2179 et

226 2218 593 2285 prophetarum
649 2217 771 2268 ordo
830 2216 1007 2267 exinde
1059 2219 1301 2278 cessaret,
1355 2233 1444 2281 per
1498 2217 1935 2282 adimpletionem,
1997 2233 2094 2268 non

225 2322 315 2372 per
369 2305 790 2365 destructionem,
853 2308 904 2355 et
956 2320 1171 2371 regnum
1225 2304 1306 2354 dei
1361 2321 1386 2355 a
1435 2304 1637 2357 Christo
1694 2304 2096 2367 adnuntiaretur,

225 2394 341 2446 ideo
398 2393 664 2446 subtexuit
716 2392 920 2443 facilius
978 2393 1231 2443 elementa
1276 2392 1558 2443 transitura
1598 2408 1748 2458 quam
1789 2393 1947 2443 uerba
1986 2408 2093 2455 sua,

229 2481 533 2533 confirmans
588 2481 685 2532 hoc
741 2495 960 2546 quoque,
1011 2480 1146 2546 quod
1187 2480 1247 2531 de
1288 2481 1513 2531 Iohanne
1554 2480 1763 2543 dixerat,
1811 2495 1910 2532 non
1957 2497 2095 2546 prae-
2149 2493 2168 2523 ὁ

227 2571 426 2622 terisse.

301 2661 385 2710 34.
421 2657 541 2710 ‘Sed
577 2657 813 2710 Christus
849 2658 1131 2709 diuortium
1163 2658 1364 2709 inhibet
1396 2658 1591 2709 dicens:
1620 2658 1730 2724 qui
1764 2656 2098 2709 dimiserit

376 2803 416 2858 1]
451 2803 552 2845 Luc.
589 2803 655 2854 16,
684 2802 749 2845 16.
813 2802 854 2858 7]
882 2802 933 2845 cf.
962 2802 1030 2844 Es.
1063 2803 1133 2853 43,
1170 2802 1243 2854 19;
1277 2804 1346 2850 65.
1381 2804 1448 2845 17.
1481 2802 1533 2846 cf.
1566 2802 1613 2844 11
1647 2801 1741 2845 eor.
1775 2803 1814 2854 5,
1843 2802 1910 2845 17.
1972 2803 2016 2857 9]
2044 2802 2097 2845 cf.

228 2876 333 2918 Mar
366 2877 406 2930 3,
441 2876 477 2918 1.
514 2877 565 2918 ef.
599 2876 769 2929 Mate„
791 2876 862 2927 11,
898 2876 964 2918 10.
1087 2875 1159 2931 16]
1193 2875 1298 2918 Luc.
1335 2876 1401 2928 16,
1439 2875 1504 2917 17.
1540 2875 1593 2918 cf.
1626 2876 1696 2927 21,
1730 2876 1797 2918 33.
1919 2876 1992 2931 17]
2026 2876 2097 2918 Es.

228 2952 298 3002 40,
332 2950 371 2992 3.
465 2950 539 3005 21]
572 2949 647 2993 Es.
679 2949 748 3004 40,
782 2949 822 2991 3.
915 2949 986 3004 27]
1018 2949 1123 2992 Luc.
1159 2949 1227 3003 16,
1261 2949 1327 2991 18.

288 3053 311 3094 7
346 3050 549 3096 Christus
580 3051 675 3106 ipse
705 3051 882 3094 seclusi.-
911 3051 1141 3105 irrepsisse
1171 3050 1354 3093 uidetur
1377 3064 1429 3093 ecc
1453 3052 1480 3093 l.
1503 3053 1551 3093 11
1641 3050 1687 3094 id
1718 3052 1756 3094 si
1785 3051 1964 3107 scripsi.-
1992 3053 2037 3094 et
2060 3051 2098 3093 si

229 3124 330 3168 MR
422 3126 471 3166 11
509 3126 593 3166 erit
614 3125 672 3166 M
694 3124 790 3178 (alt.
819 3124 944 3180 loco),
980 3127 1074 3166 erat
1104 3124 1322 3178 1111101910Ἰ
1388 3124 1647 3167 subsecutus
1678 3124 1860 3179 scripsi.-
1890 3124 2096 3167 subsecu-

228 3201 354 3239 turus
385 3196 487 3239 MR
637 3198 690 3239 14
721 3196 954 3239 undeunde
986 3196 1103 3239 Lat.-
1132 3196 1250 3239 unde
1281 3196 1394 3253 MR,
1429 3197 1604 3240 aliunde
1635 3198 1726 3253 Riq
1885 3198 2097 3240 Zacwnam

229 3270 437 3325 siynaui:
472 3269 759 3312 diuinitatum
792 3270 1007 3313 distantia
1037 3271 1110 3325 (cf.
1148 3273 1254 3319 538,
1288 3270 1368 3325 22)
1399 3271 1472 3314 uel
1500 3271 1643 3314 simile
1675 3271 1852 3326 aliquid
1872 3270 2099 3313 intercidit

234 3343 286 3384 15
319 3343 443 3398 regni
474 3342 656 3398 scriPsi:
686 3357 873 3398 regnum
903 3343 1005 3387 MR
1082 3344 1133 3386 17
1159 3344 1455 3398 parenthesin
1483 3345 1693 3387 indicaui
1759 3345 1810 3386 21
1846 3345 1997 3399 parate
2029 3343 2095 3394 M,

231 3429 385 3472 parare
416 3416 612 3471 Ruulyo
702 3417 755 3459 27
788 3417 963 3459 inhibet
993 3417 1116 3472 Eny:
1150 3417 1275 3460 iubet
1305 3417 1373 3472 M,
1406 3417 1613 3473 prohibet
1642 3418 1836 3472 Ruulyo

2123 1176 2161 1206 10
