2248 3646
191 207 221 256 4
580 203 766 254 Quinti
801 203 1029 258 Septimi
1059 203 1340 245 Florentis
1373 203 1709 248 Tertulliani

193 360 387 432 [atquin
440 364 552 430 ipse
598 362 834 414 lauandis
885 363 1260 428 discipulorum
1310 363 1527 429 pedibus
1577 365 1912 437 ministrauit]
1967 383 2064 420 non

192 454 499 516 peccatoreS,
556 467 653 501 non
708 451 1011 516 publicanos
1076 453 1380 517 aspernatus
1445 454 1540 515 est,
1603 469 1702 505 non
1755 454 1835 504 illi
1890 455 2065 507 saltim

192 539 409 599 ciuitati,
467 554 595 602 quae
651 554 768 588 eum
813 538 1039 605 recipere
1089 539 1340 600 noluerat,
1394 539 1557 592 iratus
1600 542 1695 603 est,
1753 557 1869 592 cum
1911 542 2062 594 etiam

191 626 430 692 discipuli
478 629 585 677 tam
634 626 1005 677 contumelioso
1056 626 1243 692 oppido
1296 626 1544 678 caelestes
1583 628 1730 697 ignes
1775 645 2065 695 repraesew

188 714 284 764 tari
328 714 633 774 uoluissent3
691 713 921 780 ingratos
964 713 1183 776 curauit,
1223 713 1612 767 insidiatoribus
1664 716 1836 768 cessit.
1881 733 2063 783 parum
2118 740 2135 769 5

188 801 299 862 hoc,
356 801 401 851 si
439 817 537 852 non
588 801 743 851 etiam
799 801 1112 867 proditorem
1162 817 1313 851 suum
1365 817 1541 853 secum
1593 803 1776 855 habuit
1814 819 1906 856 nec
1949 820 2064 856 con-

189 890 381 939 stanter
420 888 701 939 denotauit.
745 904 862 939 cum
902 904 1024 939 uero
1067 888 1302 950 traditur,
1346 905 1464 940 cum
1506 890 1782 942 adducitur
1812 894 1874 942 ut
1904 909 2061 959 pecus

187 977 248 1027 ad
287 977 572 1038 uictimam,
615 1007 684 1012 ——
731 976 805 1026 sic
854 976 985 1027 enirn
1043 992 1163 1027 non
1215 977 1427 1043 magis
1484 979 1710 1044 aperit
1759 996 1826 1031 os
1876 996 2060 1046 quam

186 1080 391 1131 agnus
441 1065 556 1116 sub
611 1064 958 1116 tondentis
1014 1067 1369 1131 potestate
1424 1095 1494 1100 -
1535 1066 1641 1128 ille,
1694 1067 1777 1118 cui
1829 1067 2061 1134 legiones

188 1153 501 1219 angelorum,
560 1153 602 1204 si
657 1152 929 1213 uoluisset,
986 1169 1086 1203 uno
1145 1151 1282 1204 dicto
1333 1152 1393 1204 de
1442 1153 1597 1204 caelis
1639 1154 1945 1215 adfuissent,
1999 1171 2061 1205 ne
2095 1180 2134 1210 10

186 1240 338 1290 unius
395 1240 602 1306 quidem
644 1240 890 1292 discentis
933 1240 1164 1306 gladium
1225 1242 1445 1292 ultorem
1502 1241 1760 1308 probauit.
1815 1244 2065 1308 patientia

187 1328 378 1378 domini
446 1329 496 1378 in
556 1328 763 1379 Malcho
834 1329 1106 1379 uulnerata
1176 1331 1268 1380 est.
1336 1329 1511 1394 itaque
1576 1334 1627 1379 et
1690 1330 1848 1397 gladii
1911 1346 2064 1396 opera

184 1415 446 1468 maledixit
483 1419 531 1466 in
574 1418 839 1482 posterum
881 1418 930 1466 et
970 1416 1208 1467 sanitatis
1256 1417 1584 1469 restitutione
1640 1418 1702 1480 ei,
1760 1434 1909 1484 quem
1963 1435 2061 1470 non

182 1503 292 1570 ipse
324 1508 615 1563 uexauerat,
651 1504 909 1555 satisfecit
941 1521 1030 1570 per
1061 1505 1383 1571 patientiam,
1417 1506 1800 1557 misericordiae
1824 1509 2059 1557 matrem.

183 1594 345 1654 tace0‚
401 1591 535 1657 quod
590 1591 788 1658 figitur3
846 1592 896 1641 in
953 1592 1048 1643 hoc
1105 1593 1239 1642 enim
1297 1596 1520 1644 uenerat.
1583 1594 1836 1659 numquid
1888 1597 2060 1646 tamen
2094 1619 2133 1649 15

184 1679 462 1730 subiendae
509 1679 663 1730 morti
704 1679 857 1730 etiam
901 1680 1232 1731 contumeliis
1276 1697 1404 1748 opus
1445 1681 1647 1735 fuerat?
1698 1682 1789 1732 sed
1837 1682 2061 1749 saginari

182 1767 451 1833 uoluptate
505 1767 784 1834 patientiae
842 1767 1168 1819 discessurus
1235 1769 1466 1819 uolebat:
1533 1769 1819 1834 despuitur,
1882 1770 2059 1820 uerbe—

181 1857 337 1916 ratur,
388 1855 664 1917 deridetur,
710 1855 877 1906 foedis
925 1856 1166 1918 uestitur,
1231 1856 1548 1907 foedioribus
1591 1860 1876 1908 coronatur.
1932 1858 2060 1908 mira

183 1943 598 2008 aequanimitatis
639 1942 791 1994 fides:
835 1943 922 2009 qui
960 1944 1010 1993 in
1051 1943 1275 1995 hominis
1316 1944 1482 2010 figura
1511 1947 1852 2010 proposuerat
1881 1946 2058 2009 latere,

180 2031 307 2081 nihil
356 2030 417 2081 de
461 2030 784 2096 impatientia
830 2030 1053 2081 hominis
1100 2031 1337 2083 imitatus
1386 2034 1480 2085 est.
1530 2032 1648 2083 hinc
1694 2032 1781 2083 uel
1819 2033 2055 2095 maxime,
2089 2060 2129 2090 20

180 2118 461 2181 Pharisaei,
496 2118 760 2169 dominum
794 2135 1071 2186 agnoscere
1107 2119 1385 2181 debuistis;
1419 2121 1722 2186 patientiam
1754 2120 2058 2172 huiusmodi

179 2223 326 2257 nemo
359 2207 624 2257 hominum
658 2209 992 2273 perpetraret.
1034 2207 1161 2258 talia
1192 2209 1439 2273 tantaque
1472 2208 1797 2271 documenta,
1838 2224 2057 2274 quorum

179 2294 480 2363 magnitudo
521 2311 676 2361 penes
716 2296 951 2346 nationes
994 2295 1203 2360 quidem
1245 2296 1548 2347 detrectatio
1589 2295 1709 2346 fidei
1757 2299 1852 2355 est,
1897 2312 2053 2361 penes

326 2425 366 2481 3]
410 2425 462 2467 cf.
502 2425 605 2468 Luc.
646 2426 686 2476 9,
727 2425 915 2467 52—56.
1029 2424 1073 2480 8]
1114 2425 1189 2468 Es.
1230 2426 1298 2476 53,
1341 2428 1380 2468 7.
1494 2427 1537 2480 9]
1581 2426 1632 2469 cf.
1673 2426 1834 2468 Matth.
1874 2427 1944 2477 26,
1977 2427 2052 2469 53.

181 2499 251 2553 11]
281 2498 334 2543 cf.
351 2499 510 2541 Matth.
529 2499 599 2551 26,
618 2499 685 2540 51.
706 2499 799 2541 Ioh.
821 2499 886 2551 18,
908 2499 976 2541 10.
1042 2500 1113 2555 12]
1133 2499 1185 2541 cf.
1204 2499 1366 2542 Matth.
1385 2499 1455 2550 26,
1475 2500 1544 2542 52.
1610 2499 1680 2554 13]
1701 2499 1754 2541 cf.
1772 2500 1875 2542 Luc.
1894 2499 1963 2550 22,
1982 2499 2051 2542 51.

179 2573 252 2627 21]
288 2572 339 2615 cf.
375 2572 394 2613 Ι
428 2570 524 2614 Cor.
558 2574 598 2626 2,
631 2572 671 2614 8.

240 2659 258 2700 1
303 2660 791 2713 atquin-ministrauit
827 2660 988 2702 seclusi
1033 2664 1189 2714 (neque
1235 2661 1351 2702 enim
1397 2660 1732 2702 humiliationis
1770 2659 1941 2702 domini
1975 2659 2055 2702 sed

174 2733 424 2788 patientiae
463 2734 556 2775 eius
595 2733 666 2775 hic
705 2733 963 2787 afferuntur
1002 2735 1202 2787 emempla
1243 2734 1317 2789 [cf.
1360 2748 1485 2788 quem
1522 2747 1662 2787 supra
1702 2734 1859 2775 attulit
1897 2737 2054 2775 auctor

178 2807 320 2849 locum
350 2806 632 2860 scripturaeL
662 2807 946 2859 suscipientis
979 2806 1162 2861 beniyne
1191 2807 1264 2849 uel
1302 2807 1565 2850 sustinentis
1593 2806 1823 2859 patienter
1860 2819 1943 2855 eos,
1976 2806 2053 2859 qui

179 2884 259 2921 aut
288 2879 465 2934 indiyni
493 2879 586 2921 sint
610 2879 918 2921 beneuolentia
941 2880 1035 2922 eius
1057 2885 1245 2933 propter
1267 2881 1412 2922 malos
1434 2892 1576 2921 mores
1599 2883 1682 2921 aut
1704 2879 1743 2921 ei
1763 2878 2050 2932 insidientur,

174 2952 224 2994 id
239 2952 359 3006 quod
383 2952 435 2994 de
460 2952 696 3006 discipulis
722 2952 895 2994 domini
915 2966 1009 2995 non
1025 2957 1174 3007 potest
1198 2953 1303 3005 dici)
1379 2954 1405 2993 4
1429 2955 1761 3007 repraesentare
1777 2951 1827 2993 F
1897 2952 1922 2994 9
1948 2965 2048 2993 con-

177 3047 322 3089 dentis
353 3047 402 3089 F
515 3046 569 3089 1Ο
602 3047 852 3098 uoluissent
881 3045 931 3089 N
1031 3048 1079 3090 11
1114 3019 1325 3090 ⁰dueentis
1358 3048 1402 3089 P
1438 3050 1568 3102 (corr.
1601 3061 1656 3089 m.
1689 3051 1734 3101 1;
1772 3048 1816 3090 R
1854 3047 2051 3103 margini

179 3120 437 3174 adscripsit.-
470 3120 585 3161 Hirs.
618 3119 773 3162 habet:
809 3119 1039 3175 disc-entis)
1194 3122 1245 3162 12
1279 3123 1324 3162 et
1356 3134 1437 3162 om.
1469 3119 1519 3162 F
1668 3121 1718 3162 15
1750 3134 1972 3175 nunquam
2004 3119 2052 3160 F

179 3195 230 3236 16
263 3193 500 3235 subiendae
533 3193 594 3235 M
619 3194 705 3246 (ien
740 3207 793 3236 ex
822 3194 952 3247 icien)
985 3194 1091 3246 NF,
1124 3194 1407 3236 subiciendae
1441 3194 1484 3235 P
1513 3196 1645 3246 (corr.
1670 3194 1744 3246 R),
1777 3192 2046 3247 subigendae

175 3268 301 3322 Bmy,
326 3266 579 3309 subeundae
602 3267 692 3310 RB
722 3268 858 3323 uulyo
921 3268 972 3310 17
1006 3268 1264 3309 uerberatur
1293 3267 1453 3312 MNF.
1486 3267 1739 3322 flagellatur
1761 3266 1815 3309 N
1871 3266 1924 3309 18
1954 3265 2045 3308 foe-

177 3341 241 3382 dis
275 3339 422 3382 oribus
455 3341 497 3382 P
529 3342 656 3393 (corr.
689 3340 749 3392 R)
843 3342 896 3383 19
929 3341 1254 3396 aequanimitas
1286 3340 1334 3382 F
1419 3341 1474 3384 20
1506 3341 1608 3382 huic
1639 3341 1711 3382 uel
1741 3340 1790 3382 F
1880 3340 1932 3381 21
1967 3353 2044 3394 pa-

172 3414 377 3456 tientiam
412 3411 507 3463 PF,
540 3414 759 3469 patientia
790 3413 896 3456 MN
