2248 3646
223 202 322 251 152
589 196 778 247 Quinti
811 196 1038 252 Septimi
1072 196 1347 239 Florentis
1381 197 1720 241 Tertulliani

221 358 416 424 aliquid
457 357 710 423 scriptura
750 357 1040 425 signifieat?
1090 357 1266 423 atquin
1307 357 1434 408 nihil
1475 360 1576 410 tale
1617 359 1891 427 signifieat.
1939 362 2094 414 fuerit

220 446 344 498 licet
374 445 604 508 materia,
641 447 890 511 quantum
925 445 1023 496 sibi
1064 444 1195 496 libet
1228 445 1311 496 uel
1344 446 1516 511 potius
1552 448 1891 516 Hermogeni:
1924 450 2095 516 potuit

222 535 272 584 et
318 532 484 583 fuisse
533 534 583 582 et
629 533 798 582 tamen
849 531 978 582 nihil
1026 531 1152 583 deus
1203 547 1259 582 ex
1306 532 1395 583 illa
1441 533 1644 599 fecisse,
1698 536 1782 586 uel
1831 537 1950 602 quia
1995 554 2089 589 non

220 620 433 672 decebat
473 619 626 671 deum
659 618 879 670 alicuius
914 619 1139 687 eguisse,
1182 622 1317 672 certe
1352 620 1471 685 quia
1503 637 1597 672 nee
1630 623 1922 675 ostenditur
1955 626 2092 690 quio-

219 725 373 775 quam
423 723 479 758 ex
527 707 742 758 materia
786 706 992 759 fecisse.
1043 707 1152 759 sine
1201 722 1358 759 eausa
1405 724 1525 775 ergo
1568 711 1720 771 esset,
1766 710 1954 777 inquis,
1994 729 2088 765 non
2144 733 2162 763 5

219 797 370 864 plane
418 795 544 847 adeo
596 796 705 847 sine
755 811 925 847 eausa.
973 812 1088 846 nam
1139 795 1238 846 etsi
1285 796 1506 847 mundus
1555 813 1652 848 non
1703 800 1781 849 est
1826 800 1994 852 fact-us
2035 818 2091 852 ex

218 885 325 948 illa,
366 884 455 936 sed
496 884 724 935 haeresis
765 885 900 936 facta
941 886 1036 947 est,
1081 886 1130 935 et
1170 884 1380 949 quidem
1419 885 1514 936 hoo
1555 885 1917 952 impudentior,
1958 889 2092 953 quod

217 989 315 1026 non
358 989 415 1023 ex
455 972 667 1023 materia
708 973 844 1023 faeta
884 974 964 1023 est
1003 971 1247 1033 haeresis
1291 972 1382 1024 sed
1413 973 1682 1023 materiam
1715 973 1882 1040 ipsam
1916 977 2090 1042 potius

217 1060 442 1112 haeresis
484 1060 619 1112 feeit.

292 1150 374 1201 24.
413 1149 664 1200 Reuertor
711 1163 844 1200 nuno
894 1149 955 1199 ad
997 1148 1229 1215 singulos
1278 1149 1541 1211 artic-ulos,
1590 1166 1678 1216 per
1718 1167 1845 1216 quos
1886 1153 2091 1217 putauit
2122 1173 2162 1205 ιο

216 1224 557 1305 significatam
592 1252 704 1288 esse
738 1236 1023 1297 materiam,
1060 1239 1110 1286 et
1133 1236 1297 1302 primo
1326 1235 1385 1286 de
1418 1237 1710 1289 nominibus
1739 1239 2088 1305 expostulabo,

216 1325 401 1375 horum
456 1324 589 1375 enim
638 1325 857 1375 alterum
904 1323 1147 1391 legimuS‚
1198 1324 1335 1389 quod
1384 1327 1462 1375 est
1502 1326 1681 1387 terrae,
1732 1325 1950 1377 alterum
1991 1343 2088 1378 non

215 1413 526 1475 inuenimUS‚
584 1412 722 1479 quod
779 1415 859 1464 est
913 1411 1174 1463 materiae.
1229 1428 1416 1477 quaero
1472 1428 1608 1479 ergo,
1673 1429 1791 1464 oum
1846 1415 2088 1466 materiae

215 1501 495 1553 nominatio
554 1490 652 1552 non
702 1503 840 1552 extet
886 1500 936 1552 in
987 1500 1255 1566 scriptura,
1312 1501 1569 1566 quomodo
1627 1501 1672 1551 ei
1721 1501 1874 1552 etiam
1925 1504 2088 1553 terrae

217 1590 493 1656 appellatio
536 1589 959 1641 adoornmodetur
997 1589 1048 1640 in
1090 1589 1188 1640 alio
1230 1588 1330 1639 iam
1375 1605 1557 1656 genere
1599 1590 1918 1641 substantiae
1951 1593 2084 1641 nota.
2122 1612 2158 1641 15

216 1694 314 1743 quo
379 1678 544 1744 magis
614 1678 859 1728 materiae
932 1692 1133 1743 quoque
1195 1676 1476 1728 nominatio
1548 1669 1779 1729 extitisse
1844 1677 2089 1730 debuerat

215 1766 494 1816 consecuta
535 1764 689 1815 etiarn
729 1766 893 1816 terrae
934 1764 1346 1832 appellationem,
1395 1768 1453 1815 ut
1502 1766 1685 1817 scirem
1726 1768 1911 1816 terram
1955 1781 2089 1816 oom-

214 1869 366 1904 mune
409 1868 525 1903 oum
574 1853 789 1904 materia
838 1869 951 1904 esse
991 1868 1193 1915 nomen,
1243 1869 1303 1904 ne
1345 1852 1477 1904 illud
1525 1853 1571 1904 ei
1620 1853 1718 1904 soli
1766 1854 2087 1905 substantiae

214 1940 547 2003 uindicarem7
596 1941 743 1992 ouius
794 1943 844 1992 et
889 1940 1152 2008 proprium
1193 1940 1295 2008 <et>
1336 1941 1383 1991 in
1427 1958 1527 2007 qua
1567 1941 1731 2009 magis
1773 1944 1952 1991 notum
1992 1945 2085 2003 est,

213 2029 299 2080 uel
330 2045 389 2080 ne
423 2028 553 2079 illud
586 2029 635 2079 in
671 2045 1049 2095 quamcumque
1092 2029 1243 2079 aliam
1279 2029 1502 2094 speeiem
1537 2029 1570 2094 ἦ·
1604 2044 1694 2079 neo
1731 2030 1910 2095 utique
1953 2030 2087 2080 omni
2120 2052 2161 2083 2⁰

214 2117 427 2167 materia
468 2117 845 2168 communicare
886 2133 1111 2184 possem,
1155 2118 1198 2168 si
1231 2117 1438 2167 uellem.
1482 2132 1600 2168 eum
1642 2119 1774 2167 enim
1817 2133 1914 2168 non
1950 2120 2088 2168 extat

212 2205 474 2272 proprium
507 2205 818 2256 uocabulum
855 2206 964 2256 eius
998 2204 1087 2267 rei,
1124 2205 1207 2256 oui
1242 2220 1514 2256 commune
1548 2204 1864 2257 uocabulum
1898 2204 2084 2256 adseri-

213 2293 365 2358 bitur,
414 2293 613 2359 quando
663 2311 759 2345 non
811 2296 1071 2359 comparet
1120 2293 1201 2344 oui
1251 2292 1589 2354 adscribatur,
1632 2293 1943 2359 cuicumque
1999 2293 2082 2344 alii

214 2381 402 2447 poterit
449 2381 685 2433 adscribi.
734 2382 807 2433 ita
852 2381 1226 2448 Hei·mogeneS‚
1285 2382 1338 2432 et
1383 2380 1426 2432 si
1473 2380 1741 2432 materiam
1797 2379 2090 2432 ostenderet

211 2469 542 2532 nominatam,
585 2470 794 2521 deberet
834 2469 1046 2520 eandem
1087 2469 1299 2535 probare
1340 2472 1527 2520 terram
1576 2483 1780 2535 quoque
1828 2467 2082 2535 cognomi·
2116 2489 2158 2522 25

212 2562 399 2619 natam,
439 2560 499 2608 ut
530 2558 603 2608 ita
642 2560 919 2624 utrumque
958 2557 1037 2608 illi
1078 2557 1393 2608 uocabulum
1434 2556 1736 2608 uindicaret.

285 2647 370 2697 25.
413 2644 539 2696 Vult
570 2645 730 2712 igitur
763 2645 890 2696 duas
931 2645 1146 2711 proponi
1186 2647 1347 2696 terras
1387 2645 1436 2695 in
1471 2644 1572 2695 ista
1605 2644 1875 2710 scriptura,
1916 2659 2084 2705 unarn,

214 2749 366 2798 quam
411 2733 461 2784 in
509 2733 759 2800 principio
803 2733 928 2785 deus
968 2733 1108 2794 fecit,
1150 2733 1302 2783 aliam
1354 2729 1656 2802 [materiam]
1709 2748 1766 2783 ex
1806 2747 1905 2798 qua
1945 2731 2082 2792 feeit,

213 2820 274 2872 de
309 2837 408 2886 qua
441 2820 635 2872 (liet-um
673 2821 762 2872 sit:
804 2824 964 2872 terra
1006 2823 1206 2872 autem
1241 2823 1370 2871 erat
1407 2819 1760 2871 inuisibilis
1802 2821 1859 2870 et
1898 2817 2081 2869 rudiS.

358 2965 432 3020 29]
469 2964 575 3007 Gen.
612 2966 648 3018 1,
681 2966 720 3009 2.

270 3052 295 3092 2
326 3051 438 3093 libet
466 3065 557 3094 van
589 3052 664 3095 der
704 3052 845 3095 Vliet:
873 3052 980 3094 lieet
1011 3051 1152 3094 PNF
1241 3052 1288 3094 11
1326 3051 1640 3107 expostulando
1667 3049 1715 3092 F
1803 3049 1854 3091 14
1887 3051 2005 3091 extet
2037 3049 2077 3089 in

211 3125 426 3179 scriptura
448 3124 550 3178 PN⁷
578 3128 695 3167 extet
719 3125 960 3181 scripturae
982 3124 1031 3167 F
1114 3120 1256 3167 terrae
1280 3124 1336 3177 R,
1364 3126 1540 3166 terrena
1563 3122 1702 3165 PNF
1761 3122 1812 3164 19
1838 3123 1882 3163 et
1906 3121 2081 3174 addidi,

211 3198 447 3254 proprium,
489 3198 567 3254 [in]
611 3211 696 3254 qua
732 3198 873 3254 magis
918 3201 1086 3252 notum,
1126 3200 1193 3240 est
1230 3198 1334 3253 Eny
1452 3200 1604 3239 notum
1644 3195 1719 3245 12³,
1758 3198 1907 3238 natum
1948 3194 2086 3236 PNF

212 3270 267 3313 20
312 3271 473 3317 uerba,-
524 3285 604 3313 nec
648 3271 805 3326 utique
854 3271 971 3312 omni
1018 3271 1206 3313 materia
1251 3269 1362 3325 quid
1404 3270 1492 3313 sibi
1536 3270 1691 3319 uelint,
1738 3282 1832 3311 non
1876 3268 2079 3322 intelleyo

210 3344 262 3385 21
312 3343 496 3385 materia
533 3343 681 3391 PNF,
728 3344 937 3386 materiae
969 3342 1167 3398 Ruutyo
1257 3344 1312 3385 23
1361 3342 1534 3397 quando
1581 3342 1696 3384 Iun:
1743 3343 1906 3397 quanto
1945 3340 2086 3382 PNF

211 3417 265 3457 27
298 3416 396 3458 uult
426 3415 527 3465 ΡΝ,
561 3416 662 3459 uide
696 3416 742 3459 F
828 3417 882 3459 28
916 3417 1145 3458 materiam
1178 3417 1339 3459 seclusi
