2340 3658
186 770 205 801 5

167 1195 204 1224 10

167 1620 181 1648 μ

163 2043 204 2073 20

162 2466 201 2497 25

629 260 722 301 VII.
754 261 1016 303 Aduersus
1046 261 1354 302 Marcionem
1387 261 1460 303 lib.
1492 263 1528 303 V
1559 264 1683 305 4—5.
1943 266 2046 314 585

240 419 431 482 patrem
502 416 648 466 deum
716 417 998 481 praescribo
1066 432 1161 466 non
1233 408 1384 466 alium
1456 418 1827 484 agnoscendum
1899 433 2046 481 quam

241 503 289 550 et
332 501 547 550 hominis
594 504 643 550 et
688 502 1033 551 uniuersitatis
1082 505 1350 551 creatorem
1399 506 1448 551 et
1485 503 1850 561 institutorem3
1899 517 2047 566 porro

236 586 366 648 patri
411 585 561 635 etiam
615 585 801 635 domini
853 601 1027 635 nomen
1075 586 1305 635 accedere
1352 586 1412 636 ob
1450 589 1769 650 potestatem,
1825 587 1956 650 quod
1996 589 2044 635 et

236 671 370 719 filius
408 686 493 734 per
530 673 717 735 patrem
759 671 941 735 capiat;
983 670 1161 719 dehinc
1199 672 1407 735 gratiam
1449 674 1497 720 et
1534 685 1702 735 pacem
1745 687 1837 721 non
1879 672 2042 721 solum

239 756 344 805 eius
369 771 495 816 esse,
522 771 547 804 a
574 771 667 819 quo
693 755 1117 819 praedicabantur,
1148 756 1233 804 sed
1257 756 1355 819 <et>
1381 756 1502 814 eius,
1524 756 1608 819 qui
1636 757 1785 806 fuerit
1811 757 2046 806 offensus.

237 856 325 890 nec
365 841 521 906 gratia
560 841 686 889 enim
727 841 783 888 fit
819 841 916 890 nisi
956 841 1167 889 offensae
1200 856 1287 890 nec
1319 857 1410 905 pax
1441 842 1534 890 nisi
1567 841 1702 890 belli.
1746 845 1794 891 et
1823 843 2045 906 populus

237 928 402 975 autem
434 940 520 989 per
551 925 840 989 disciplinae
872 925 1316 990 transgressionem
1351 929 1400 975 et
1431 942 1571 975 omne
1603 926 1860 975 hominum
1886 941 2046 990 genus

236 1026 320 1075 per
363 1013 565 1060 naturae
612 1010 1063 1060 dissimulationem
1111 1013 1157 1059 et
1198 1011 1475 1074 deliquerat
1512 1014 1559 1061 et
1596 1011 1924 1061 rebellauerat
1962 1011 2042 1059 ad-

236 1111 410 1146 uersus
451 1099 736 1146 creatorem.
778 1096 899 1145 deus
940 1099 1102 1145 autem
1143 1097 1412 1145 Marcionis
1453 1100 1502 1145 et
1548 1097 1664 1160 quia
1706 1097 1906 1161 ignotus
1945 1111 2041 1144 non

237 1182 401 1246 potuit
453 1181 631 1230 offendi
686 1184 735 1230 et
780 1182 894 1244 quia
938 1181 1098 1230 nescit
1142 1182 1305 1230 irasci.
1362 1197 1485 1245 quae
1526 1197 1640 1247 ergo
1683 1181 1842 1247 gratia
1881 1196 1908 1229 a
1945 1197 2040 1231 non

237 1267 455 1316 offenso?
490 1282 614 1329 quae
645 1282 737 1329 pax
762 1282 788 1314 a
811 1282 905 1315 non
936 1266 1208 1315 rebellato?
1319 1267 1404 1315 Ait
1435 1282 1630 1316 crucem
1660 1266 1843 1317 Christi
1878 1266 2043 1315 stulti-

233 1351 354 1400 tiam
395 1366 503 1401 esse
541 1351 790 1414 perituris,
830 1352 1070 1400 uirtutem
1111 1354 1276 1400 autem
1310 1354 1359 1400 et
1390 1352 1681 1415 sapientiam
1717 1352 1792 1400 dei
1826 1352 2041 1401 salutem

236 1437 594 1494 consecuturis,
629 1442 676 1485 et
699 1439 757 1484 ut
781 1436 1076 1496 ostenderet,
1107 1437 1234 1485 unde
1266 1437 1358 1486 hoc
1390 1437 1625 1494 eueniret,
1660 1436 1832 1486 adicit:
1861 1437 2040 1500 scrip-

236 1524 354 1570 tum
396 1524 484 1569 est
526 1522 698 1570 enim:
746 1521 983 1584 perdam
1025 1521 1379 1584 sapientiam
1421 1521 1781 1585 sapientium
1824 1525 1878 1570 et
1914 1536 2041 1584 pru-

187 1619 203 1647 5
238 1606 493 1655 dentiam
547 1606 924 1670 prudentium
978 1606 1216 1655 inritam
1270 1606 1495 1655 faciam.
1552 1607 1594 1655 si
1640 1606 1761 1656 haec
1801 1606 2039 1656 creatoris

235 1695 350 1741 sunt
403 1694 451 1740 et
505 1692 565 1740 ad
620 1707 818 1742 causam
876 1692 1035 1747 crucis
1096 1692 1344 1755 pertinent
1404 1691 1670 1740 stultitiam
1733 1692 2039 1755 deputatam,

234 1792 348 1842 ergo
389 1780 437 1826 et
475 1792 589 1825 crux
629 1779 679 1826 et
715 1792 801 1841 per
840 1792 1034 1826 crucem
1078 1775 1307 1827 Christus
1349 1777 1408 1825 ad
1447 1780 1715 1826 creatorem
1754 1776 2040 1841 pertinebit,

235 1877 260 1909 a
293 1877 388 1924 quo
420 1861 759 1924 praedicatum
794 1864 871 1910 est
903 1861 1032 1924 quod
1066 1861 1126 1909 ad
1158 1876 1351 1910 crucem
1385 1862 1610 1925 pertinet.
1645 1865 1730 1911 aut
1762 1861 1803 1911 si
1835 1864 2040 1921 creator,

235 1961 330 2009 qua
383 1946 626 2004 aemulus,
687 1946 868 1995 idcirco
923 1947 1218 2009 sapientiam
1274 1947 1497 2006 abstulit,
1558 1950 1616 1996 ut
1668 1962 1783 1996 crux
1837 1946 2039 2006 Christi,

236 2030 430 2080 scilicet
476 2031 761 2089 aduersarii,
814 2031 1032 2080 stultitia
1077 2015 1357 2095 deputetur,
1406 2032 1711 2096 ecquomodo
1751 2035 1918 2096 potest
1955 2031 2040 2080 ali-

235 2116 352 2179 quid
398 2115 458 2165 ad
505 2131 702 2166 crucem
744 2116 926 2166 Christi
972 2131 1064 2166 non
1112 2116 1188 2166 sui
1237 2120 1426 2166 creator
1469 2120 1836 2181 pronuntiasse,
1892 2132 2038 2180 quem

233 2201 507 2265 ignorabat,
549 2216 659 2250 cum
699 2201 1048 2265 praedicabat?
1095 2202 1180 2251 sed
1221 2207 1268 2251 et
1315 2217 1399 2251 cur
1438 2202 1565 2266 apud
1606 2203 1753 2251 deum
1794 2203 2037 2267 optimum

235 2290 282 2335 et
320 2286 550 2350 profusae
590 2287 956 2337 misericordiae
997 2287 1079 2336 alii
1120 2289 1333 2337 salutem
1366 2288 1602 2350 referunt,
1643 2288 1898 2337 credentes
1933 2303 2037 2337 cru-

234 2377 340 2420 cem
378 2371 615 2420 uirtutem
656 2375 704 2420 et
742 2372 1035 2434 sapientiam
1077 2373 1154 2421 dei
1194 2388 1317 2432 esse,
1360 2373 1443 2421 alii
1475 2373 1817 2437 perditionem,
1857 2373 2039 2435 quibus

235 2455 418 2505 Christi
451 2471 564 2505 crux
597 2457 813 2506 stultitia
845 2460 1134 2520 reputatur}>
1161 2458 1203 2506 si
1227 2474 1337 2515 non,
1373 2459 1606 2508 creatoris
1633 2462 1709 2509 est
1740 2459 1955 2522 aliquam
1991 2462 2039 2508 et

232 2541 403 2605 populi
444 2544 492 2590 et
521 2542 722 2590 humani
756 2543 950 2606 generis
984 2543 1220 2592 offensam
1254 2543 1548 2593 detrimento
1583 2544 1855 2608 sapientiae
1889 2546 2037 2607 atque

232 2626 522 2689 prudentiae
568 2628 825 2675 multasse.
876 2627 969 2676 hoc
1015 2629 1273 2691 sequentia
1317 2628 1691 2690 confirmabunt,
1741 2644 1852 2678 cum
1894 2630 2037 2679 dicit:

376 2724 415 2776 8]
448 2722 499 2763 cf.
532 2722 650 2765 Rom.
686 2724 719 2775 l,
754 2724 930 2767 16—27.
1023 2726 1090 2778 11]
1126 2725 1177 2768 cf.
1208 2726 1227 2766 Ι
1261 2726 1354 2768 Cor.
1390 2726 1423 2776 l.
1459 2727 1522 2767 18.
1614 2727 1681 2780 13]
1715 2727 1735 2767 I
1766 2726 1861 2768 Cor.
1894 2727 1930 2780 1,
1966 2728 2034 2779 193

233 2794 283 2835 cf.
317 2794 386 2834 Es.
420 2795 485 2846 29,
521 2794 582 2835 14.

291 2880 307 2918 1
346 2877 469 2919 deum
500 2879 674 2932 scripsi:
708 2879 922 2921 dominum
953 2881 1049 2923 MR
1138 2883 1161 2923 3
1194 2882 1393 2923 accedere
1423 2883 1478 2932 R,
1512 2883 1734 2924 accederet
1763 2883 1865 2924 MF
1940 2885 1964 2924 5
1998 2888 2039 2925 et

236 2948 391 2989 addidi
506 2950 530 2990 8
561 2948 847 2991 rebellauerat
876 2950 950 3000 Rss,
985 2951 1275 2994 debellauerat
1305 2953 1419 2994 MR¹
1539 2955 1585 2995 11
1622 2955 1683 2995 ait
1712 2954 1786 3007 Rss,
1820 2957 1894 2995 aut
1922 2954 2039 2996 MR²

235 3021 283 3061 13
318 3019 448 3060 adicit
477 3019 551 3072 R3,
583 3021 746 3074 aliquid
778 3021 895 3063 MR¹
987 3024 1035 3064 16
1069 3027 1112 3064 et
1140 3025 1307 3077 <quae>
1337 3024 1388 3065 ad
1419 3025 1530 3065 Pam
1647 3025 1876 3066 stultitiam
1906 3025 2038 3074 MR¹‚

233 3089 444 3134 stultitiw.
474 3090 536 3132 R3
551 3091 680 3144 uulyo
768 3092 1013 3145 deputatam
1045 3094 1167 3147 Engl:
1199 3094 1378 3148 deputat
1407 3094 1503 3136 MR
1519 3095 1632 3136 Pam
1691 3096 1744 3137 20
1777 3096 2036 3150 ecquomodo

239 3159 461 3202 Oehlerus:
493 3164 536 3201 et
561 3162 771 3214 quomodo
796 3163 894 3204 MR
953 3165 1005 3204 22
1033 3164 1154 3205 deum
1185 3165 1360 3216 scripsi:
1392 3166 1604 3206 dominum
1630 3166 1726 3208 MR
1785 3166 1837 3207 25
1868 3167 2040 3219 signum

232 3231 587 3284 interroqaiionis
609 3233 743 3284 posui
857 3234 892 3273 si
924 3247 1019 3283 non,
1052 3237 1120 3295 (ς
1155 3235 1187 3276 εἰ
1211 3236 1251 3276 δὲ
1285 3235 1359 3291 μή;
1395 3241 1530 3277 mente
1560 3237 1734 3289 supple:
1770 3235 1882 3290 apud
1914 3236 2036 3277 deum

233 3300 436 3354 optimum
470 3301 542 3342 alii
574 3303 755 3343 salutem
786 3303 976 3345 referunt
1008 3305 1080 3345 alii
1110 3305 1413 3358 perditionem)
1448 3307 1649 3347 creatoris
1680 3307 1856 3359 scripsi:
1887 3307 1922 3347 si
1952 3321 2035 3347 non

235 3371 435 3413 creatoris
464 3373 595 3426 uulyo
669 3373 721 3414 26
751 3375 897 3427 populi
927 3375 1100 3424 MRSG,
1133 3377 1288 3429 populo
1320 3376 1379 3417 R¹
1455 3377 1506 3418 27
1530 3377 1764 3418 multasse?
1795 3377 1876 3418 hoc
1905 3369 2036 3431 uzclyo
