2248 3646
202 1100 242 1129 10

199 1525 237 1555 15

195 1954 234 1982 20

194 2370 234 2402 25

528 158 622 199 VII.
654 157 917 199 Aduersus
949 156 1261 198 Marcionem
1292 156 1366 196 lib.
1396 155 1486 196 IIII
1516 156 1583 198 43.
1617 155 1691 198 111).
1725 154 1759 194 V
1795 154 1830 195 1.
1984 157 2082 206 569

279 331 332 365 ex
370 315 589 374 incursu,
635 328 731 362 non
771 327 826 361 ex
871 314 1139 375 prospectu
1193 310 1504 360 adiciendum
1545 309 1867 370 existimauit,
1917 324 2085 359 neces-

279 401 442 458 sitate,
495 401 553 448 ut
603 399 673 447 ita
730 397 950 454 dixerim,
1005 411 1100 446 non
1156 394 1429 445 uoluntate.
1486 393 1825 457 quamobrem,
1878 393 2086 443 Pontice

276 484 520 542 nauclere,
562 482 605 532 si
642 497 914 545 numquam
953 480 1166 530 furtiuas
1206 494 1397 529 merces
1437 478 1517 527 uel
1558 478 1773 528 inlicitas
1822 478 1870 527 in
1916 482 2083 528 acatos

275 571 385 618 tuas
409 566 659 632 recepisti,
681 566 723 615 si
747 580 1019 629 numquam
1040 564 1236 614 omnino
1263 579 1386 613 onus
1413 563 1642 612 auertisti
1667 562 1749 611 uel
1774 562 2084 622 adulterasti,

276 653 466 702 cautior
503 651 676 715 utique
717 653 766 700 et
804 649 997 699 fidelior
1033 649 1081 698 in
1121 648 1200 699 dei
1238 649 1386 698 rebus
1428 648 1544 697 edas
1583 648 1737 697 uelim
1785 647 1944 707 nobiS,
1987 663 2082 710 quo

274 737 498 801 symbolo
567 734 847 800 susceperis
915 733 1199 798 apostolum
1260 733 1491 790 Paulum,
1561 732 1672 796 quis
1735 731 1879 780 illum
1946 732 2084 781 tituli

272 823 551 871 charactere
590 820 910 884 percusserit,
951 819 1063 882 quis
1102 817 1433 867 transmiserit
1471 816 1580 877 tibi,
1622 816 1732 880 quis
1771 817 2083 880 imposuerit,

270 912 327 955 ut
378 905 544 969 possis
599 919 714 955 eum
762 905 1047 953 constanter
1093 917 1348 966 exponere.
1404 917 1463 951 ne
1509 901 1647 950 illius
1694 901 1945 965 probetur,
2001 902 2085 965 qui

271 990 436 1040 omnia
474 990 784 1054 apostolatus
824 989 932 1038 eius
971 988 1303 1037 instrumenta
1341 986 1567 1051 protulit,
1610 986 1732 1049 ‘ipse
1773 991 1857 1048 se',
1905 986 2083 1050 inquit,

273 1074 570 1140 ‘apostolum
625 1077 701 1125 est
752 1074 1025 1137 professuS,
1067 1074 1116 1121 et
1168 1071 1368 1135 quidem
1421 1086 1516 1120 non
1564 1070 1623 1120 ab
1670 1070 1955 1121 hominibus
1995 1087 2085 1121 nec

269 1176 355 1225 per
391 1160 659 1219 hominem,
701 1158 789 1208 sed
826 1173 913 1222 per
949 1158 1117 1207 Iesum
1151 1156 1438 1207 Christum'.
1476 1156 1620 1219 plane
1659 1154 1880 1219 profiteri
1917 1158 2086 1220 potest

271 1245 598 1309 semetipsum
646 1244 775 1308 quis,
829 1258 1004 1292 uerum
1056 1242 1299 1306 professio
1356 1242 1461 1290 eius
1523 1239 1727 1290 alterius
1788 1241 2084 1290 auctoritate

270 1329 543 1380 conficitur.
598 1328 726 1378 alius
773 1327 950 1378 scribit
987 1327 1115 1377 alius
1163 1325 1451 1386 subscribit,
1499 1325 1628 1374 alius
1677 1324 1911 1390 obsignat
1956 1325 2083 1375 alius

269 1416 394 1466 actis
433 1416 596 1465 refert.
634 1430 780 1464 nemo
821 1414 917 1463 sibi
959 1416 1008 1462 et
1046 1412 1297 1477 professor
1336 1415 1385 1461 et
1422 1411 1569 1461 testis
1603 1413 1694 1462 est.
1735 1416 1931 1475 praeter
1961 1411 2081 1461 haec

268 1500 442 1565 utique
466 1499 638 1565 legisti
663 1499 850 1549 multos
875 1501 1132 1558 uentu1oS,
1160 1496 1244 1561 qui
1270 1496 1457 1547 dicant:
1492 1512 1595 1562 ego
1630 1512 1756 1546 sum
1790 1495 2078 1547 Christus.

269 1587 312 1636 si
352 1588 429 1635 est
468 1585 552 1649 qui
592 1600 643 1635 se
685 1583 939 1635 Christum
979 1582 1266 1642 mentiatur,
1316 1583 1500 1646 quanto
1547 1582 1709 1647 magis
1750 1580 1836 1645 qui
1874 1596 1926 1631 se
1967 1598 2079 1647 apo-

267 1671 452 1721 stolum
507 1670 759 1735 praedicet
805 1669 1024 1720 Christi?
1078 1668 1239 1718 adhuc
1287 1683 1378 1733 ego
1424 1667 1472 1716 in
1511 1681 1722 1730 persona
1760 1667 1993 1732 discipuli
2034 1671 2084 1718 et

264 1755 577 1821 inquisitoris
618 1770 900 1814 conuersor,
948 1756 1005 1804 ut
1041 1754 1139 1803 iam
1179 1753 1294 1802 hinc
1335 1755 1385 1802 et
1422 1752 1570 1802 fidem
1610 1756 1748 1801 tuam
1790 1751 2078 1810 obtundam,

267 1841 349 1906 qui
401 1840 530 1890 unde
576 1855 681 1890 eam
729 1840 908 1903 probes
948 1854 1043 1888 non
1082 1839 1251 1897 habes,
1292 1840 1342 1888 et
1377 1837 1741 1901 impudentiam
1781 1836 2078 1896 suffundam,

267 1926 354 1991 qui
399 1925 624 1976 uindicas
666 1927 715 1975 et
759 1925 889 1974 unde
934 1925 1097 1989 possis
1145 1924 1396 1974 uindicare
1436 1938 1531 1972 non
1570 1922 1766 1985 recipis.
1814 1922 1881 1973 sit
1919 1921 2080 1972 Chris-

265 2015 366 2072 tus,
406 2012 480 2065 sit,
512 2013 562 2060 et
599 2010 857 2074 apostolus
898 2024 1025 2059 nunc
1079 2009 1301 2068 alterius,
1352 2008 1470 2058 dum
1522 2023 1616 2058 non
1668 2007 1940 2072 probantur
1984 2007 2080 2056 nisi

265 2096 324 2146 de
375 2097 708 2146 instrumento
765 2094 1018 2144 crea-toris.
1073 2108 1186 2143 narn
1239 2093 1366 2163 mihi
1407 2092 1622 2142 Paulum
1670 2093 1821 2142 etiam
1869 2091 2077 2142 Genesis

266 2181 384 2231 olim
422 2180 723 2246 repromisit.
772 2179 901 2229 inter
936 2179 1050 2229 illas
1090 2180 1219 2229 enim
1259 2178 1445 2244 figuras
1485 2181 1535 2227 et
1572 2177 1887 2243 propheticas
1930 2192 2092 2241 super

263 2266 392 2317 filios
439 2281 557 2316 suos
596 2265 971 2316 benedictiones
1010 2265 1176 2325 Iacob,
1224 2279 1336 2314 cum
1386 2264 1448 2314 ad
1483 2263 1743 2314 Beniamin
1791 2262 2074 2312 direxisset:

264 2351 587 2414 Beniamin,
620 2351 798 2414 inquit,
838 2352 1017 2416 lupus
1058 2366 1256 2415 rapax;
1299 2349 1367 2399 ad
1405 2349 1765 2399 matutinum
1807 2348 2081 2399 comedet

266 2436 455 2486 adhuc
495 2439 551 2486 et
589 2435 659 2486 ad
696 2451 1005 2500 uesperam
1041 2435 1204 2485 dabit
1235 2450 1442 2485 escam.
1485 2450 1540 2485 ex
1570 2434 1704 2484 tribu
1739 2434 1869 2483 enim
1901 2432 2077 2483 Benia-

264 2521 365 2571 min
407 2521 651 2572 oriturum
689 2521 905 2571 Paulum
944 2520 1258 2586 prouidebat,
1296 2521 1472 2585 lupum
1511 2534 1737 2584 rapacem
1778 2519 1839 2568 ad
1876 2518 2077 2569 matuti-

264 2623 382 2657 num
443 2606 802 2666 comedentem,
862 2606 913 2655 id
968 2608 1045 2656 est
1095 2602 1254 2669 prima
1308 2608 1469 2655 aetate
1523 2607 1841 2654 uastaturum
1902 2618 2079 2669 pecora

406 2759 475 2814 10]
507 2759 560 2802 cf.
594 2757 686 2801 Gai.
723 2761 759 2811 1,
793 2759 828 2802 1.
934 2758 1002 2814 15]
1034 2758 1134 2800 Luc.
1166 2758 1232 2807 21,
1265 2758 1303 2800 s.
1407 2758 1474 2811 25]
1509 2756 1614 2799 Gen.
1645 2757 1713 2804 49,
1746 2755 1812 2797 27.
1916 2755 1986 2810 26]
2022 2756 2074 2799 cf.

263 2830 382 2872 Rom.
416 2831 481 2879 11,
517 2829 561 2883 13
592 2830 703 2871 Phil.
736 2830 774 2883 3,
808 2831 845 2872 5.

319 2916 343 2956 3
375 2915 563 2956 naucleri
585 2913 642 2955 M
695 2915 723 2956 4
753 2927 984 2967 numquam
1010 2914 1073 2961 M,
1106 2913 1268 2954 nullum
1294 2912 1482 2966 Ruulqo
1545 2914 1565 2953 7
1600 2915 1815 2954 caractere
1840 2912 1898 2953 M
1980 2925 2074 2965 per-

265 2985 446 3027 cusserit
461 2983 535 3039 13³,
560 2985 770 3039 percussit
792 2984 921 3034 MR²‚
946 2984 1181 3038 perusserit
1202 2996 1317 3037 susp.
1343 2983 1444 3037 Eny
1504 2983 1528 3025 8
1554 2996 1773 3038 exponere,
1800 2996 1850 3024 ne
1870 3014 1879 3023 .
1897 3015 1905 3024 .
1925 3015 1934 3024 .
1953 3014 1962 3023 .
1979 2996 2075 3036 pro-

262 3057 524 3111 tulerit.ipse
539 3057 671 3111 uulqo
714 3056 936 3110 9protulit
950 3055 1125 3109 scripsi.-
1140 3055 1368 3109 protulerit
1383 3055 1479 3097 MR
1526 3055 1576 3095 12
1603 3056 1696 3108 quis
1713 3053 2000 3107 MR1,quiuis
2016 3053 2078 3095 R3

264 3127 318 3169 20
347 3128 405 3169 sit
435 3127 643 3179 Christus,
674 3127 732 3168 sit
763 3128 807 3168 et
837 3126 1054 3180 apostolus
1078 3126 1204 3179 Eny:
1238 3125 1293 3165 sit
1325 3128 1368 3167 et
1400 3124 1607 3172 Christus,
1641 3126 1701 3166 sic
1732 3124 1950 3178 apostolus
1981 3123 2076 3165 MR

263 3199 313 3239 21
354 3210 466 3239 nunc
504 3197 658 3250 scripsi
699 3197 772 3250 (cf.
815 3198 922 3244 570,
960 3197 1052 3250 18):
1100 3198 1145 3236 ut
1190 3194 1286 3236 MR
1430 3194 1483 3236 22
1528 3207 1625 3236 113111
1664 3193 1840 3243 ΜΒ36,
1885 3207 1968 3236 11011
2014 3193 2076 3236 R1

263 3269 317 3310 23
346 3268 609 3322 figura<ta>s
631 3266 742 3319 fort.
830 3267 884 3307 24
916 3265 1140 3307 direxisset
1168 3260 1234 3311 M,
1268 3264 1444 3306 dixisset
1472 3266 1513 3306 R
1601 3264 1651 3305 27
1683 3265 1938 3305 inoriturum
1968 3263 2025 3304 M
