2248 3646
528 185 620 227 VII..
652 186 913 228 Aduersus
943 187 1255 228 Marcionem
1287 188 1359 228 lib.
1390 188 1411 229 Ι
1445 189 1621 229 17—18.
1880 194 1980 242 313

178 343 264 390 aut
306 357 400 391 non
440 342 606 405 potuit
650 344 735 392 aut
774 343 950 394 noluit.
1013 343 1174 392 omnia
1212 344 1332 393 haec
1373 344 1460 394 deo
1511 345 1730 410 indigna
1770 347 1981 396 maxime

179 426 382 490 optimo.
452 427 536 476 sed
590 429 640 476 et
685 428 817 476 hunc
864 429 1026 476 locum
1074 428 1193 477 alibi
1239 428 1561 493 implebimus
1609 432 1980 494 exprobratione

179 527 313 561 serae
350 512 684 574 reuelationiS,
726 513 858 562 sicut
896 529 1025 562 nunc
1064 514 1170 563 sola
1209 514 1644 565 demonstratione.

252 598 330 646 18.
370 596 691 656 Processerit‚
732 612 838 661 age,
876 597 974 645 iam
1006 597 1055 645 in
1088 598 1317 646 notitiam
1351 599 1543 662 quando
1577 600 1752 657 uoluit,
1787 600 1980 663 quando

132 700 151 731 5
177 681 356 744 potuit,
396 682 589 745 quando
622 681 742 730 hora
772 681 937 730 fatalis
978 681 1194 731 aduenit.
1256 683 1470 732 fortasse
1510 684 1639 733 enim
1680 686 1981 735 anabibazon

111 1126 146 1153 10

102 1553 143 1582 15

105 1979 146 2010 20

104 2406 145 2436 25

106 2832 144 2863 30

177 767 220 815 ei
281 767 510 816 obstabat
564 769 649 816 aut
708 767 902 830 aliquae
955 767 1208 816 maleficae
1263 771 1349 817 aut
1408 768 1650 819 Saturnus
1707 771 1977 834 quadratus

177 854 263 900 aut
292 851 425 900 Mars
457 852 698 916 trigonus.
736 867 848 901 nam
883 855 931 900 et
961 852 1304 901 mathematici
1335 852 1605 917 plurimum
1639 854 1981 916 Marcionitae,

174 951 262 985 nec
299 936 392 986 hoc
432 937 795 995 erubescentes7
838 937 895 986 de
939 937 1063 999 ipsis
1112 939 1261 986 etiam
1303 939 1464 987 stellis
1509 940 1680 988 uiuere
1729 941 1982 991 creatoris.

174 1022 485 1071 tractandum
511 1025 589 1071 est
617 1022 697 1071 hic
729 1023 787 1070 de
817 1022 1138 1071 reuelationis
1172 1023 1428 1085 qualitate,
1463 1040 1519 1072 an
1553 1024 1699 1089 digne
1729 1027 1983 1075 reuelatus

176 1107 256 1167 sit,
296 1109 354 1156 ut
384 1110 594 1168 constet,
636 1123 693 1156 an
732 1123 865 1165 uere,
907 1108 1054 1156 etita
1087 1108 1316 1157 credatur
1347 1124 1456 1158 esse
1496 1125 1640 1173 quem
1683 1111 1830 1175 digne
1871 1125 1981 1160 con-

176 1192 362 1241 stiterit
391 1193 687 1242 reuelatum.
721 1193 870 1257 digna
903 1193 1030 1242 enim
1066 1193 1155 1242 deo
1187 1193 1468 1257 probabunt
1500 1194 1662 1244 deum.
1696 1210 1784 1244 nos
1817 1196 1984 1245 defini-

175 1292 287 1326 mus
329 1277 471 1327 deum
513 1279 671 1341 primo
711 1282 884 1327 natura
924 1279 1338 1342 cognoscendum,
1381 1279 1558 1328 dehinc
1598 1280 1820 1329 doctrina
1850 1297 1983 1331 reco—

175 1363 528 1427 gnoscendum,
570 1366 743 1413 natura
783 1379 837 1412 ex
876 1363 1125 1427 operibus,
1167 1364 1389 1413 doctrina
1430 1380 1483 1413 ex
1516 1366 1983 1429 praedicationibus.

176 1448 259 1496 sed
301 1448 378 1497 cui
417 1448 554 1497 nulla
583 1451 760 1497 natura
792 1452 868 1498 est
905 1449 1151 1498 naturalia
1182 1450 1514 1499 instrumenta
1553 1466 1647 1500 non
1690 1454 1982 1515 suppetunt.

176 1549 290 1599 ergo
335 1535 418 1583 uel
462 1534 911 1597 praedicationibus
959 1535 1315 1584 reuelationem
1365 1535 1441 1585 sui
1490 1535 1729 1585 debuerat
1774 1538 1980 1600 operari,

173 1620 382 1668 maxime
421 1619 660 1669 aduersus
702 1636 815 1669 eum
854 1620 1166 1682 1·euelanduS‚
1207 1621 1290 1683 qui
1331 1622 1380 1670 et
1418 1621 1716 1671 conditionis
1759 1624 1808 1670 et
1844 1638 1983 1685 prae-

175 1704 435 1754 dicationis
497 1705 727 1768 operibus
781 1708 857 1754 tot
909 1720 963 1754 ac
1016 1706 1168 1754 tantis
1222 1706 1305 1753 uix
1364 1708 1531 1754 tamen
1585 1706 1834 1756 hominem
1889 1707 1982 1756 fide

173 1789 482 1853 impleuerat.
546 1790 794 1853 quomodo
841 1791 1010 1853 itaque
1060 1791 1291 1856 cognitus
1332 1794 1440 1839 est‘?
1503 1791 1544 1840 si
1590 1807 1680 1855 per
1717 1792 1982 1841 humanam

175 1874 524 1929 coniecturam,
564 1890 689 1940 nego
724 1875 870 1924 deum
906 1875 1027 1924 alias
1061 1859 1296 1940 cognosci
1327 1890 1474 1940 posse
1508 1892 1655 1939 quam
1688 1892 1774 1939 per
1806 1884 1984 1929 semet-

173 1959 357 2022 ipsum,
405 1975 493 2009 nec
531 1962 722 2009 tantum
766 1960 824 2009 ad
863 1961 1072 2009 formam
1113 1977 1388 2024 prouocans
1439 1963 1673 2012 creatoris
1721 1978 1895 2011 uerum
1936 1966 1984 2011 et

175 2044 233 2092 ad
259 2045 597 2094 condicionem
623 2049 722 2095 tam
751 2046 947 2095 diuinae
972 2047 1331 2110 magnitudinis
1358 2062 1505 2109 quam
1531 2047 1773 2096 humanae
1798 2048 1982 2098 medio-

174 2130 379 2189 critatis„
419 2146 478 2179 ne
509 2132 666 2180 maior
705 2131 793 2180 deo
833 2131 979 2180 homo
1021 2131 1179 2181 uideri
1216 2132 1394 2196 possit,
1436 2133 1521 2196 qui
1561 2148 1672 2181 eum
1714 2149 1807 2182 non
1849 2133 1981 2182 ultro

173 2214 424 2263 uolentem
458 2216 693 2280 cognosci
725 2216 829 2265 suis
863 2216 1055 2265 uiribus
1082 2217 1446 2280 quodammodo
1478 2217 1527 2265 in
1560 2217 1818 2280 publicum
1850 2219 1982 2283 agni-

171 2300 321 2350 tionis
355 2302 630 2359 extraxerit‚
664 2317 777 2350 cum
810 2301 1026 2350 humana
1055 2302 1374 2352 mediocritas
1407 2302 1607 2351 facilius
1642 2303 1760 2352 deos
1794 2303 1977 2369 fingere

175 2385 269 2434 sibi
321 2387 450 2435 norit
505 2387 778 2435 secundum
831 2387 989 2436 totius
1044 2388 1153 2436 aeui
1209 2388 1537 2452 experimenta
1596 2404 1741 2451 quam
1806 2405 1981 2438 uerum

175 2471 369 2531 sectari,
425 2487 572 2534 quem
617 2476 789 2521 natura
837 2473 934 2521 iam
981 2472 1297 2536 intellegunt.
1359 2474 1594 2536 alioquin,
1638 2474 1679 2522 si
1720 2475 1791 2522 sic
1829 2474 1977 2523 homo

174 2556 320 2605 deum
373 2558 806 2617 commentabitur,
849 2558 1096 2621 quomodo
1144 2559 1386 2608 Romulus
1438 2558 1654 2609 Consum
1712 2564 1760 2608 et
1809 2559 1981 2609 Tatius

175 2641 459 2692 Cloacinam
513 2645 561 2691 et
612 2643 863 2692 Hostilius
911 2644 1154 2694 Pauorem
1212 2651 1260 2692 et
1311 2644 1547 2693 Metellus
1601 2644 1881 2693 Alburnum
1935 2646 1983 2693 et

173 2727 372 2790 quidam
405 2731 516 2777 ante
546 2729 640 2777 hoc
664 2731 862 2791 tempus
889 2729 1173 2789 Antinoum,
1207 2729 1300 2778 hoc
1334 2729 1444 2778 aliis
1467 2729 1664 2784 licebit:
1691 2745 1779 2779 nos
1804 2729 1980 2778 Marci-

176 2827 318 2861 onem
356 2814 644 2863 nauclerum
684 2814 933 2874 nouimus,
973 2830 1065 2863 non
1106 2829 1272 2879 regem
1314 2830 1403 2863 nec
1439 2815 1804 2879 imperatorem.

229 2952 254 2992 6
279 2952 337 2992 ei*
359 2952 417 2992 M
471 2952 497 2993 8
520 2953 649 2994 etiam
673 2952 803 2993 deleri
824 2952 922 2993 uult
944 2966 1030 2993 van
1054 2954 1127 2994 deo·
1158 2953 1270 2994 Vliet
1328 2954 1352 2994 9
1377 2956 1443 2994 est
1464 2953 1642 3006 scripsi:
1663 2956 1714 2994 ¹et
1733 2953 1829 2994 MR
1914 2966 1978 2993 re*

174 3022 340 3064 uelatus
362 3024 537 3075 scripsi:
559 3023 756 3076 cognitus
772 3023 868 3065 MR
891 3024 963 3076 (cf.
979 3024 1104 3077 infra
1121 3024 1146 3064 Z.
1166 3025 1221 3064 18
1235 3025 1312 3064 ubi
1333 3037 1411 3077 pro
1428 3024 1643 3065 reuelatus
1665 3024 1982 3066 rescribendum

175 3098 267 3134 erat
296 3094 506 3147 cognitus.
537 3095 645 3135 miro
675 3093 864 3148 quodam
894 3107 996 3135 casu
1019 3095 1123 3135 haec
1145 3095 1257 3135 inter
1278 3108 1320 3136 se
1351 3100 1611 3136 commutata
1633 3097 1749 3146 sunt)
1832 3095 1882 3137 12
1907 3095 1980 3135 de-

174 3163 273 3205 hinc
295 3164 361 3217 M,
393 3164 544 3209 deinde
568 3166 756 3218 Ruulyo
840 3166 887 3205 17
920 3166 1134 3206 hominum
1166 3165 1291 3206 fidem
1325 3165 1406 3206 Urs
1494 3166 1545 3207 18
1577 3167 1771 3219 cognitus
1800 3167 1977 3218 536νὶ1931.-

174 3234 386 3276 reuelatus
420 3235 514 3277 MR
626 3237 675 3277 19
707 3249 817 3289 nego
848 3236 1083 3277 Kellnerus
1113 3238 1217 3290 (van
1248 3236 1322 3277 der
1358 3236 1511 3291 Vliet):
1541 3250 1652 3290 nega
1680 3236 1746 3288 M,
1775 3250 1907 3290 negas
1938 3236 1980 3277 R

175 3306 228 3347 23
261 3307 458 3359 cognosci
488 3307 543 3359 R,
577 3309 798 3361 cognoscis
828 3307 928 3347 MF
1012 3307 1064 3348 28
1096 3307 1303 3348 Pauorem
1334 3306 1389 3359 R,
1420 3320 1629 3360 pauonem
1660 3306 1761 3349 MF
