2248 3646
103 1146 140 1176 10

102 1570 138 1601 15

108 1997 147 2027 20

110 2422 148 2451 25

716 210 782 251 VI.
816 210 1081 251 Aduersus
1112 208 1346 250 Praxean
1377 209 1443 251 24.
1878 211 1979 260 275

172 365 566 432 cognouistiS.
607 365 884 415 secundum
922 365 1043 419 haee
1082 364 1212 414 enim
1254 363 1496 414 uicarium
1536 379 1589 414 se
1627 365 1783 427 patris
1818 367 1984 414 osten-

172 452 324 512 derat,
369 466 456 515 per
503 466 648 513 quem
694 453 834 513 pater
879 453 930 498 et
973 449 1231 499 uideretur
1273 449 1323 499 in
1361 449 1509 499 factis
1550 453 1600 498 et
1638 449 1896 498 audiretur
1935 450 1982 498 in

169 536 335 586 uerbis
376 538 425 585 et
463 537 848 601 cognosceretur
885 536 933 584 in
971 534 1072 584 filio
1112 534 1244 584 facta
1283 537 1332 584 et
1375 534 1530 584 uerba
1573 535 1728 599 patris
1778 534 1984 583 admini-

170 623 373 679 strante,
421 621 535 685 quia
572 620 847 670 inuisibilis
894 622 1049 684 pater,
1090 619 1222 683 quod
1260 622 1310 669 et
1346 619 1612 683 Philippus
1653 619 1896 669 didicerat
1934 620 1981 668 in

170 707 283 772 lege
317 708 366 755 et
394 705 684 755 meminisse
724 704 986 755 debuerat:
1027 705 1195 754 deum
1234 705 1665 754 nemouidebit
1703 707 1758 754 et
1795 705 1984 753 uiuet.

169 794 216 842 et
254 791 364 841 ideo
406 791 713 856 suggillatur
756 793 948 855 patrem
994 790 1163 840 uidere
1212 789 1496 839 desiderans
1545 790 1687 854 quasi
1726 789 1984 840 uisibilem

170 880 219 927 et
255 877 523 926 instruitur
571 875 823 925 uisibilem
871 891 984 924 eum
1029 876 1076 924 in
1124 874 1227 924 filio
1273 875 1380 924 fieri
1427 891 1482 924 ex
1534 875 1830 935 uirtutibus,
1885 890 1981 924 non

170 978 224 1012 ex
256 976 493 1027 personae
525 961 997 1026 repraesentatione.
1038 960 1251 1024 denique
1285 960 1326 1008 si
1356 963 1548 1024 patrem
1581 960 1794 1009 eundem
1826 960 1987 1008 filium

169 1048 324 1097 uellet
354 1046 585 1110 intellegi
617 1046 851 1095 dicendo:
894 1046 991 1109 qui
1030 1061 1115 1095 me
1156 1046 1337 1105 uidet,
1379 1048 1603 1109 patrem
1642 1046 1826 1104 uidet,
1869 1061 1988 1108 quo-

169 1132 316 1182 modo
359 1131 571 1181 subicit:
602 1146 711 1180 non
755 1131 965 1191 orediS,
1006 1130 1141 1194 quia
1181 1145 1290 1196 ego
1329 1130 1386 1179 in
1425 1133 1591 1195 patre
1633 1133 1688 1180 et
1726 1133 1893 1195 pater
1931 1131 1987 1179 in

167 1221 286 1267 me?
334 1217 573 1267 debuerat
619 1217 748 1266 enim
797 1216 1137 1266 subiunxisse:
1178 1220 1289 1265 ‘non
1342 1216 1519 1275 orediS,
1572 1217 1689 1280 quia
1736 1231 1827 1281 ego
1876 1232 1987 1265 sum

168 1303 342 1366 pater?
389 1304 476 1351 aut
523 1318 618 1365 quo
666 1301 1002 1367 exaggerauit,
1050 1302 1093 1350 si
1138 1317 1231 1350 non
1272 1301 1399 1350 illud
1444 1301 1807 1362 manifestauit,
1853 1301 1988 1365 quod

170 1388 403 1437 uoluerat
438 1387 680 1452 intellegi,
722 1402 774 1437 se
816 1387 1012 1436 scilicet
1048 1386 1210 1435 filium
1244 1389 1386 1436 esse?
1425 1402 1568 1451 porro
1604 1386 1837 1436 dicendo:
1879 1402 1987 1436 non

173 1473 384 1533 credis,
449 1473 586 1536 quia
647 1488 752 1539 ego
814 1473 869 1521 in
930 1474 1094 1536 patre
1148 1476 1203 1521 et
1247 1474 1417 1535 pater
1467 1472 1522 1521 in
1578 1488 1677 1533 me,
1725 1474 1990 1536 propterea

171 1558 341 1621 potius
405 1559 742 1623 exaggerauit,
803 1574 881 1618 ne,
943 1558 1058 1621 quia
1119 1558 1329 1607 dixerat:
1400 1558 1498 1620 qui
1558 1573 1644 1606 me
1718 1557 1876 1606 uidit
1937 1560 1993 1607 et-

176 1646 402 1707 patrem
442 1642 612 1703 uidit,
651 1646 791 1708 pater
829 1643 1209 1703 existimaretur,
1244 1642 1376 1707 quod
1414 1657 1688 1706 numquam
1728 1658 1779 1692 se
1821 1643 1991 1692 existi-

178 1729 299 1777 mari
337 1727 516 1788 uoluit,
558 1728 642 1792 qui
681 1744 878 1791 semper
917 1743 968 1776 se
1015 1727 1175 1777 filium
1223 1734 1272 1776 et
1310 1743 1337 1776 a
1374 1731 1513 1793 patre
1553 1728 1752 1778 uenisse
1792 1728 1990 1792 profite-

177 1815 337 1864 batur.
374 1813 533 1878 igitur
564 1816 613 1863 et
642 1813 960 1863 manifestam
998 1813 1124 1867 feeit
1150 1813 1360 1862 duarum
1392 1828 1719 1877 personarum
1759 1813 1989 1863 coniunc-

176 1899 380 1958 tionem,
413 1914 471 1947 ne
504 1901 643 1961 pater
674 1914 897 1948 seorsum
932 1898 1073 1962 quasi
1105 1898 1325 1948 nisibilis
1356 1898 1404 1947 in
1439 1901 1710 1963 conspectu
1744 1899 1990 1948 desidera—

176 1986 326 2043 retur,
360 1986 410 2033 et
432 1986 489 2032 ut
513 1983 644 2033 filius
669 1986 1067 2047 repraesentator
1089 1984 1246 2047 patris
1272 1984 1553 2042 haberetur,
1588 1986 1637 2033 et
1664 1984 1989 2033 nihilominus

179 2069 271 2118 hoo
309 2084 506 2133 quoque
544 2068 900 2133 interpretatus
941 2071 1033 2128 est,
1075 2069 1322 2132 quomodo
1362 2071 1503 2133 pater
1543 2072 1678 2118 esset
1708 2069 1758 2117 in
1798 2068 1900 2118 filio
1942 2073 1991 2118 et

178 2153 311 2204 filius
343 2154 392 2202 in
424 2157 585 2218 patre:
626 2154 821 2212 uerba,
861 2154 1040 2218 inquit,
1081 2169 1226 2218 quae
1260 2170 1364 2219 ego
1398 2155 1609 2218 loquor
1648 2155 1839 2214 uobis,
1879 2170 1990 2203 non

180 2242 318 2289 sunt
345 2255 484 2298 mea,
511 2269 577 2274 -ι
603 2240 777 2303 utique
810 2240 925 2303 quia
956 2240 1112 2305 patris
1138 2269 1204 2273 —
1227 2242 1396 2302 pater
1434 2241 1628 2289 autem
1663 2254 1902 2288 manens
1935 2240 1990 2288 in

179 2341 263 2374 me
294 2325 440 2375 facit
493 2341 680 2389 opera.
722 2340 808 2389 per
847 2341 995 2389 opera
1033 2341 1148 2390 ergo
1182 2325 1431 2374 uirtutum
1464 2328 1514 2375 et
1544 2325 1696 2373 uerba
1736 2325 1991 2374 doctrinae

180 2427 380 2462 manens
418 2411 466 2460 in
509 2411 606 2460 filio
646 2414 787 2475 pater
824 2427 911 2475 per
950 2428 1005 2461 ea
1044 2412 1258 2473 uidetur,
1303 2427 1391 2474 per
1429 2427 1553 2475 quae
1592 2414 1776 2470 manet,
1819 2413 1868 2460 et
1903 2426 1992 2483 per

180 2498 395 2558 eum„in
435 2513 531 2560 quo
571 2501 753 2558 manet,
795 2513 850 2547 ex
889 2497 984 2547 hoe
1021 2497 1131 2562 ipso
1171 2498 1438 2560 apparente
1470 2497 1774 2560 proprietate
1806 2497 1992 2545 utrius-

181 2598 274 2647 que
312 2598 567 2647 personae,
608 2582 726 2632 dum
767 2582 911 2633 dicit:
963 2598 1065 2648 ego
1115 2598 1242 2632 sum
1292 2582 1347 2631 in
1395 2585 1575 2646 patre,
1623 2584 1679 2632 et
1722 2586 1890 2646 pater
1935 2583 1990 2630 in

178 2682 274 2716 me.
313 2670 461 2730 atque
502 2667 646 2718 adeo:
695 2668 934 2730 credite,
988 2668 1071 2717 ait.
1127 2667 1279 2731 quid?
1335 2683 1411 2716 me
1457 2670 1649 2731 patrem
1697 2670 1841 2718 esse?
1897 2683 1989 2716 non

179 2755 298 2815 puto
363 2753 604 2817 seriptum
666 2769 792 2814 esse,
857 2753 962 2802 sed:
1026 2753 1163 2816 quia
1215 2768 1319 2818 ego
1374 2753 1428 2801 in
1482 2756 1649 2817 patre
1711 2757 1766 2802 et
1825 2754 1994 2816 pater

322 2947 362 2999 5]
393 2944 524 2986 Exod.
558 2946 625 2994 33,
658 2946 724 2987 ρο.
855 2947 897 3000 9]
931 2947 1020 2987 ioh.
1056 2947 1119 2999 14,
1152 2947 1189 2988 9.
1310 2948 1378 3000 19]
1412 2947 1503 2988 Ioh.
1541 2948 1604 2999 11,
1641 2947 1704 2988 19.
1832 2947 1900 3000 13]
1933 2947 1990 2986 ib.

183 3015 365 3068 22—23]
399 3016 454 3056 ib.
544 3016 613 3070 27]
646 3017 703 3058 ib.
791 3017 863 3071 28]
897 3018 987 3058 Ioh.
1023 3017 1087 3069 14,
1124 3018 1185 3058 11.
1287 3018 1355 3071 29]
1387 3018 1444 3058 ib.

239 3114 263 3153 2
308 3114 351 3154 in
396 3113 537 3154 uerbis
582 3128 662 3155 om.
707 3114 754 3155 F
853 3115 874 3154 7
923 3116 1095 3156 uirtutis
1131 3117 1243 3168 fort.
1349 3116 1399 3157 10
1445 3116 1579 3157 credis
1618 3115 1769 3163 PMF,
1819 3115 1991 3156 creditis

190 3183 296 3224 Pam
422 3184 467 3225 in
504 3198 569 3225 me
598 3186 724 3240 <est>
749 3186 865 3226 Pam
983 3187 1028 3227 11
1064 3186 1199 3227 eredis
1231 3187 1384 3239 PMF,
1424 3187 1597 3228 creditis
1627 3186 1741 3227 Pam
1858 3187 1908 3227 13
1949 3200 1992 3227 se

186 3254 348 3295 scilicet
363 3253 438 3307 12³,
456 3254 516 3297 sic
533 3256 697 3297 scilicet
711 3256 912 3298 PMFR¹
991 3257 1042 3297 16
1059 3270 1103 3297 39
1122 3257 1354 3297 existimari
1370 3257 1478 3307 MF,
1498 3258 1729 3298 existimari
1746 3270 1790 3298 se
1807 3257 1991 3310 Puulyo

185 3323 237 3363 20
270 3327 318 3365 ut
347 3337 426 3368 om.
457 3324 504 3365 F
615 3326 856 3370 haberetur.
891 3332 933 3368 et
962 3328 1092 3380 uulyo
1181 3327 1234 3368 22
1266 3341 1373 3381 quae
1406 3341 1483 3381 ego
1515 3328 1614 3378 FR,
1647 3342 1754 3381 quae
1785 3327 1884 3368 PM

1862 3409 1934 3450 18*
