2340 3658
260 199 362 249 618
625 196 813 247 Quinti
847 195 1076 251 Septimi
1107 195 1384 239 Florentis
1416 195 1750 240 Tertulliani

258 357 513 408 nouimus
605 357 695 407 ‘De
721 356 973 423 paradiso'
999 372 1125 408 suus
1152 356 1304 408 stilus
1332 359 1412 408 est
1436 356 1498 407 ad
1525 373 1725 408 omnem
1753 373 1904 423 quam
1927 358 2127 424 pati-tur

260 445 629 510 quaestionem.
661 445 743 495 hic
770 444 899 495 illud
931 443 1330 505 fortemirabor,
1366 444 1410 495 si
1441 445 1704 512 proprium
1736 446 1909 512 potuit
1939 447 2122 498 habere

257 532 553 597 paradisum
609 532 732 584 deus
787 531 981 582 nullius
1035 534 1264 582 terrenae
1313 531 1691 598 dispositionis;
1746 532 1846 584 nisi
1885 534 1930 585 si
1969 534 2122 585 etiam

258 619 493 684 paradiso
535 619 775 670 creatoris
814 619 1041 685 precario
1074 635 1202 669 usus
1236 623 1331 680 est,
1373 620 1510 670 sicut
1541 622 1592 670 et
1620 620 1828 672 mundo.
1871 624 1922 672 et
1951 623 2123 673 tamen

258 707 516 758 hominem
565 707 745 758 tollere
792 706 855 757 ad
902 708 1099 757 caelum
1140 707 1383 758 creatoris
1424 708 1712 773 exemplum
1755 710 1834 759 est
1868 708 1920 759 111
1960 708 2124 759 Helia.
2175 728 2200 760 ⁵

257 796 423 862 magis
486 811 609 846 uero
666 795 889 845 mirabor
943 794 1096 845 deum
1150 795 1422 862 optimum,
1477 783 1798 862 percutiendi
1858 798 1910 848 et
1962 797 2126 848 saeui-

260 884 374 935 endi
429 884 668 945 alienum,
726 898 817 934 nec
870 882 1132 948 proprium
1190 883 1391 946 saltem,
1448 884 1539 945 sed
1594 883 1836 935 creatoris
1885 885 2126 951 angelum

259 975 467 1022 satanae
523 970 886 1037 colaphizando
944 972 1176 1036 apostolo
1233 987 1326 1023 suo
1375 971 1686 1038 adplicuisse
1741 975 1792 1022 et
1830 975 1908 1023 ter
1953 972 2015 1023 ab
2067 988 2124 1024 eo

259 1059 585 1111 obsecratum
625 1074 723 1109 non
765 1059 1100 1110 concessisse.
1143 1058 1383 1109 emendat
1421 1058 1581 1125 igitur
1612 1062 1662 1110 et
1697 1059 1820 1111 deus
1850 1059 2127 1111 Marcionis

259 1147 541 1198 secundum
571 1149 865 1208 creatorem,
901 1146 1062 1197 elatos
1096 1147 1438 1197 aemulantem
1475 1149 1526 1197 et
1559 1147 1892 1212 deponentem
1927 1148 2129 1199 scilicet
2160 1167 2201 1197 10

259 1236 320 1285 de
362 1235 490 1286 solio
533 1235 793 1300 dynastas
837 1237 925 1285 aut
964 1234 1215 1300 numquid
1253 1235 1365 1301 ipse
1399 1237 1492 1298 est,
1535 1236 1621 1300 qui
1655 1236 1786 1287 etin
1820 1251 2003 1302 corpus
2035 1236 2126 1288 Iob

259 1323 400 1374 dedit
440 1324 644 1374 satanae
684 1325 1012 1389 potestatem,
1054 1324 1114 1372 ut
1150 1322 1318 1373 uirtus
1358 1323 1409 1373 in
1447 1321 1744 1374 infirmitate
1777 1322 2126 1389 comprobare-

257 1414 375 1461 tur?
506 1408 641 1473 Quid
666 1414 717 1462 et
740 1411 957 1461 formam
982 1410 1113 1478 legis
1142 1410 1308 1461 adhuc
1333 1412 1475 1461 tenet
1502 1409 1802 1461 Galatarum
1827 1410 2126 1478 castigator,

258 1499 307 1549 in
356 1499 523 1550 tribus
570 1499 795 1550 testibus
844 1498 1151 1565 praefiniens
1201 1500 1458 1550 staturum
1509 1514 1656 1549 omne
1705 1499 1957 1553 uerbum?
2006 1498 2127 1564 quid

258 1589 310 1637 et
362 1603 459 1637 non
513 1603 784 1653 parsurum
838 1602 892 1638 se
946 1586 1306 1652 peccatoribus
1363 1586 1705 1638 comminatur
1752 1586 2009 1638 lenissimi
2049 1586 2130 1637 dei
2162 1607 2205 1640 15

256 1675 593 1742 praedicator,
633 1676 790 1726 immo
834 1677 885 1725 et
921 1675 1088 1740 ipsam
1131 1675 1310 1725 durius
1352 1674 1537 1741 agendi
1578 1675 1628 1724 in
1667 1674 1959 1741 praesentia
1988 1679 2130 1740 pote-

259 1767 447 1814 statem
490 1780 517 1814 3
557 1763 758 1822 domino
802 1763 974 1813 datam
1015 1762 1115 1813 sibi
1152 1762 1422 1813 adfirmat?
1476 1778 1609 1830 nega
1653 1778 1804 1825 1111110,
1859 1762 2130 1825 haeretice,

256 1852 429 1902 timeri
470 1852 619 1902 deum
661 1854 829 1913 tuum,
871 1851 1016 1903 cuius
1059 1850 1327 1915 apostolus
1369 1850 1665 1901 timebatur.

54 1959 237 2003 AdRO-
336 1940 416 1989 13.
474 1937 675 2002 Quanto
734 1939 1043 2005 opusculum
1098 1939 1418 2005 profligatur,
1480 1938 1707 1989 breuiter
1774 1938 1875 1990 iam
1943 1940 2130 1990 retrac-

67 2032 227 2062 manos
256 2027 412 2078 tanda
453 2029 574 2078 sunt
614 2043 742 2092 quae
795 2043 973 2077 rursus
1031 2028 1320 2089 occurrunt,
1366 2026 1614 2092 quaedam
1660 2042 1781 2078 uero
1831 2029 1882 2077 et
1934 2025 2130 2077 tramit·
2162 2046 2207 2077 80

257 2115 429 2178 tenda,
487 2131 615 2180 quae
670 2115 875 2181 saepius
932 2117 1275 2166 occurrerunt.
1326 2115 1472 2182 piget
1519 2114 1580 2164 de
1626 2116 1740 2182 lege
1795 2114 1961 2165 adhuc
2017 2130 2128 2165 con-

261 2203 419 2270 gredi,
479 2204 564 2268 qui
635 2204 826 2254 totiens
896 2203 1222 2268 probauerim
1295 2202 1677 2254 concessionem
1750 2202 1860 2253 eius
1930 2202 2131 2253 nullum

259 2294 620 2359 argumentum
675 2294 932 2357 praestare
989 2291 1180 2342 diuersi
1236 2291 1318 2342 dei
1380 2291 1430 2341 in
1495 2290 1719 2354 Christo,
1782 2290 2126 2356 praedicatam

259 2379 461 2430 scilicet
501 2383 552 2429 et
590 2378 955 2445 repromissam
987 2379 1039 2429 in
1073 2378 1336 2431 Christum
1371 2378 1506 2444 apud
1540 2381 1835 2440 creatorem,
1877 2380 2128 2443 quatenus

260 2470 310 2517 et
333 2467 446 2532 ipsa
470 2468 619 2534 (ista)
654 2468 872 2534 epistola
904 2469 1069 2535 legem
1097 2467 1380 2533 plurimum
1414 2467 1621 2520 uidetur
1646 2466 1928 2521 excludere„
1964 2465 2053 2516 sed
2079 2467 2129 2516 et
2158 2480 2204 2514 25

255 2556 477 2607 iudicem
521 2556 671 2606 deum
713 2557 773 2606 ab
816 2556 1050 2620 apostolo
1093 2554 1412 2606 circumferri
1461 2570 1612 2619 saepe
1652 2554 1754 2605 iam
1802 2554 2126 2609 ostendimus

402 2670 445 2727 4]
479 2672 532 2714 cf.
565 2671 611 2714 11
643 2670 739 2716 Cor.
774 2671 842 2725 12,
875 2671 914 2713 2.
1037 2670 1077 2726 7]
1115 2670 1167 2713 cf.
1200 2669 1246 2712 II
1279 2669 1374 2713 Cor.
1412 2667 1478 2721 12,
1512 2670 1638 2712 7-8,
1755 2669 1826 2724 10]
1845 2668 1915 2720 2cf.
1948 2668 2052 2710 Luc.
2088 2668 2125 2722 1,

255 2745 441 2789 51-52,
534 2744 576 2787 cf
618 2745 687 2788 Ps.
723 2745 820 2799 118,
852 2744 920 2786 21.
1013 2744 1066 2786 cf.
1099 2744 1169 2786 Ps.
1198 2742 1295 2794 146,
1321 2744 1361 2786 8.
1448 2743 1518 2798 11]
1555 2743 1606 2786 cf.
1631 2742 1710 2785 Iob
1738 2742 1777 2798 1,
1805 2742 1872 2784 12.
1968 2741 2036 2797 12]
2070 2741 2123 2784 cf.

253 2820 298 2861 11
331 2819 426 2861 Cor.
463 2820 529 2873 12,
562 2820 601 2861 9.
695 2818 766 2873 13]
799 2818 852 2860 cf.
882 2817 928 2860 II
960 2817 1056 2862 Cor.
1093 2819 1159 2868 13,
1190 2818 1225 2862 1.
1321 2817 1389 2873 14]
1424 2818 1478 2862 cf.
1512 2817 1644 2861 Deut.
1680 2817 1747 2872 19,
1784 2817 1849 2858 15.
1992 2815 2048 2858 cf.
2081 2815 2126 2857 II

256 2891 352 2935 Cor.
390 2892 528 2947 13,-2.
624 2892 693 2948 16]
728 2891 781 2934 cf.
814 2891 859 2933 II
892 2891 989 2936 Cor.
1025 2892 1090 2943 13,
1126 2891 1192 2933 10.

317 2983 335 3024 1
372 2982 501 3023 stilus
533 3001 587 3016 Ξ
622 2981 732 3023 liber
821 2980 846 3021 2
878 2980 1070 3022 mirabor
1103 2981 1231 3031 (mira
1261 2980 1311 3021 in
1344 2979 1426 3032 lit.)
1457 2978 1518 3020 M
1617 2979 1641 3020 6
1675 2977 1804 3020 deum
1835 2977 2017 3032 scripsi:
2049 2975 2123 3019 do-

253 3055 421 3097 minum
451 3054 552 3097 MR
643 3054 696 3096 10
729 3055 773 3100 et
802 3053 986 3108 scripsi:
1020 3055 1071 3094 ut
1100 3052 1215 3104 MR,
1247 3052 1292 3094 ui
1322 3052 1428 3107 Eny
1511 3051 1562 3093 17
1596 3050 1813 3093 adfirmat.
1845 3063 1960 3106 nega
1988 3050 2126 3105 uulyo

257 3129 309 3171 19
351 3128 426 3169 AD
469 3126 828 3170 CORINTHIOS
869 3125 1145 3169 SECVNDA
1181 3124 1476 3176 EXPLICIT;
1523 3123 1745 3168 INCIPIT
1790 3123 1869 3165 AD
1919 3122 2122 3167 CORIN—

254 3200 429 3244 THIOS
461 3201 529 3256 M,
561 3201 629 3243 De
662 3200 850 3256 epistola
882 3199 938 3242 ad
968 3200 1188 3242 Romanos
1220 3198 1314 3241 RF
1341 3199 1433 3252 (sed
1462 3198 1629 3241 omissa
1657 3211 1765 3240 uoce
1796 3196 1866 3250 de)
1956 3199 2121 3252 quanto

254 3275 364 3329 (scil.
395 3275 554 3329 mayis)
587 3272 720 3325 MR¹‚
755 3271 928 3328 quando
961 3272 1025 3315 R³
1040 3272 1176 3328 uulqo
1280 3273 1335 3314 20
1370 3275 1414 3314 et
1444 3270 1736 3314 tramittenda
1765 3270 1834 3318 M,
1868 3272 1989 3313 extra
2017 3271 2121 3312 mit-

252 3347 389 3389 tenda
426 3341 503 3399 R¹‚
543 3346 833 3389 tramittenda
861 3344 935 3388 ·R³
949 3345 1087 3400 uulyo
1235 3345 1291 3387 22
1331 3345 1407 3399 qui
1445 3345 1610 3386 totiens
1648 3343 1725 3397 R3,
1765 3343 1970 3399 quotiens
2001 3340 2122 3387 MR1

253 3420 309 3463 22
340 3420 615 3475 probauerim
647 3419 724 3471 12³,
758 3419 915 3475 probat
946 3432 1051 3461 uera.
1079 3416 1200 3462 ΜΒ1
1288 3418 1344 3460 25
1376 3419 1464 3460 ista
1497 3416 1659 3459 addidi
