2248 3646
59 1190 98 1220 10

57 1617 94 1645 lo

53 2042 92 2072 ⁴20

54 2468 93 2499 25

617 249 689 290 VJ.
721 250 984 292 Aduersus
1015 251 1244 293 Praxean
1279 253 1457 294 10-11,
1839 258 1949 306 243,

133 406 233 454 fero
274 404 464 453 dictum
506 420 533 453 a
572 405 687 454 deo:
742 409 1121 456 eructuauit
1182 423 1286 457 cor
1337 424 1534 458 meum
1594 426 1945 474 sermonem·

133 489 450 553 optimum,
505 504 661 552 aeque
714 494 769 539 tu
823 492 993 540 contra
1038 507 1259 556 opponas
1306 493 1490 542 alicubi
1538 494 1721 545 dixisse
1769 496 1940 545 deum:

132 573 433 622 ‘eructuauit
462 590 539 623 me
573 589 655 623 cor
685 591 852 629 meum
886 591 1163 626 sermonem
1199 578 1479 640 optimum‘,
1513 582 1571 628 ut
1600 579 1708 642 ipse
1741 581 1823 639 sit,
1860 582 1943 645 qui

131 661 180 707 et
232 659 517 708 eructuauit
563 663 611 708 et
651 660 782 722 quod
830 657 1131 720 eructuauit,
1181 664 1230 711 et
1274 662 1399 726 ipse,
1448 664 1530 726 qui
1577 665 1843 727 protulerit
1898 668 1947 714 et

133 744 214 807 qui
253 743 476 807 prolatus
518 744 598 802 sit,
641 745 681 794 si
721 745 827 809 ipse
867 747 945 794 est
983 748 1032 794 et
1076 760 1237 795 sermo
1279 749 1329 795 et
1367 747 1503 797 deus.
1551 763 1664 798 ecce
1705 765 1794 814 ego
1833 765 1942 814 pro-

130 844 256 892 pono
295 832 484 892 patrem
524 829 626 878 filio
668 829 873 879 dixisse:
922 830 1112 880 filius
1152 847 1326 880 meus
1366 848 1426 881 es
1467 835 1548 894 tu,
1599 849 1710 899 ego
1752 835 1945 884 hodie

130 914 434 978 generaui
486 917 559 965 te.
613 915 654 964 si
706 915 851 977 nesse,
904 922 960 964 ut
1013 916 1210 966 credam
1260 917 1426 980 ipsum
1483 933 1592 967 esse
1646 921 1837 983 patrem
1895 923 1944 969 et

128 999 304 1059 filium,
345 1000 549 1049 ostende
597 1001 669 1050 sic
713 1001 1084 1064 pronuntiatum
1125 1003 1266 1050 alibi:
1309 1003 1556 1052 ‘dominus
1598 1004 1720 1054 dixit
1765 1006 1826 1054 ad
1866 1021 1941 1055 se:

131 1085 261 1133 filius
314 1100 455 1135 meus
494 1099 622 1134 ‘sum
677 1101 785 1151 ege,
842 1102 931 1151 ego
979 1087 1127 1136 hodie
1176 1090 1410 1153 generaui
1456 1095 1574 1146 me';
1615 1090 1820 1154 proinde
1869 1093 1940 1140 et:

129 1173 257 1218 ‘ante
295 1170 558 1220 luciferum
594 1172 825 1237 genereui
858 1177 974 1231 me'g
1011 1176 1082 1221 et:
1115 1173 1365 1224 ‘dominus
1400 1176 1598 1224 condidi
1631 1191 1708 1224 me
1740 1176 1942 1225 initium

128 1257 321 1304 uiarum
360 1256 407 1304 in
448 1271 595 1320 opera
632 1272 759 1315 mea,
801 1259 913 1306 aute
955 1274 1126 1308 omnes
1169 1262 1337 1308 autem
1370 1261 1524 1309 colles
1559 1261 1795 1324 generaui
1826 1268 1945 1321 me*⁷

130 1345 179 1391 et
215 1342 258 1391 si
296 1357 392 1405 qua
431 1342 528 1390 alia
571 1342 619 1391 in
665 1343 796 1392 hunc
843 1344 1048 1393 niodum
1089 1348 1219 1394 sunt.
1266 1362 1412 1409 quem
1461 1350 1630 1397 autem
1677 1349 1948 1397 uerebatur

129 1428 249 1477 deus
297 1428 528 1477 dominus
575 1429 921 1479 uniuersitatis
967 1431 1037 1480 ita
1082 1434 1419 1496 pronuntiare,
1477 1435 1519 1483 si
1563 1434 1635 1483 ita
1679 1450 1757 1483 res
1805 1429 1946 1484 erat?

126 1529 181 1563 an
223 1514 504 1571 uerebatur,
551 1530 610 1563 ne
649 1531 743 1563 nou
784 1515 1081 1575 crederetur,
1130 1519 1172 1566 si
1213 1518 1508 1582 simpliciter
1554 1535 1609 1569 sev
1653 1522 1703 1568 et
1749 1526 1942 1584 patrem

127 1603 175 1647 et
210 1598 370 1647 filium
408 1600 816 1661 pronuntiasset?
857 1616 1009 1649 unum
1046 1604 1212 1651 tamen
1251 1603 1443 1652 ueritus
1478 1607 1575 1653 est:
1614 1605 1831 1663 mentiri,
1872 1636 1940 1639 ——

126 1684 315 1733 ueritus
342 1687 507 1732 autem
536 1686 865 1749 semetipsum
892 1689 940 1734 et
959 1701 1102 1735 suam
1127 1688 1394 1736 uerita-tem
1418 1718 1474 1723 -—
1499 1693 1548 1738 et
1571 1689 1682 1739 ideo
1709 1705 1940 1739 ueracem

125 1769 268 1818 deum
319 1770 520 1819 credens
568 1772 669 1820 scio
717 1771 861 1820 illum
909 1788 1003 1821 non
1051 1773 1194 1822 aliter
1239 1790 1388 1837 quam
1436 1774 1690 1838 disposuit
1726 1790 1940 1839 procun-

124 1857 277 1904 tiusse
316 1871 404 1904 nec
444 1856 589 1905 aliter
621 1858 928 1920 disposuisse
961 1868 1109 1921 quam
1147 1860 1506 1922 pronuntiauit.
1547 1864 1602 1909 tu
1641 1876 1784 1923 porro
1826 1877 1940 1910 eum

123 1941 412 1990 mendacem
483 1941 669 1990 efficias
732 1944 782 1990 et
839 1942 1065 1991 fallacem
1122 1945 1175 1992 et'
1225 1943 1541 2008 deceptorem
1602 1945 1717 1993 fidei
1768 1945 1939 2004 huiuS,

124 2027 181 2075 si.
244 2041 356 2075 cum
417 2027 523 2090 ipse
589 2030 723 2076 esset
782 2028 877 2077 sibi
938 2027 1089 2088 filius,
1153 2029 1236 2078 alii
1298 2029 1449 2079 dabat
1507 2030 1597 2079 filii
1657 2047 1937 2094 personam.

124 2111 317 2174 quaudo
372 2114 646 2180 scripturae
701 2128 870 2163 omnes
926 2116 975 2162 et
1027 2114 1503 2165 demonstrationem
1557 2119 1607 2165 et
1660 2116 1940 2166 distinctio-

124 2213 232 2245 nem
293 2198 533 2247 trinitatis
595 2198 876 2258 ostendant,
938 2215 965 2248 a
1026 2200 1208 2263 quibus
1271 2203 1321 2250 et
1379 2202 1709 2266 praescriptio
1770 2205 1939 2251 nostra

125 2282 388 2332 deducitur
438 2298 534 2332 non
583 2299 732 2347 posse
778 2299 934 2333 unum
980 2287 1130 2348 atque
1178 2285 1389 2335 eundem
1436 2286 1596 2335 uideri
1645 2287 1729 2352 qui
1777 2287 1939 2351 loqui-

123 2370 204 2417 tur
256 2371 306 2418 et
357 2369 416 2418 de
471 2385 567 2433 quo
620 2369 847 2433 loquitur
906 2372 956 2419 et
1008 2370 1068 2419 ad
1116 2386 1264 2435 quem
1320 2372 1560 2435 loquitur,
1617 2372 1734 2436 quia
1778 2388 1940 2436 neque

125 2455 424 2518 peruersitas
470 2471 630 2519 neque
678 2455 875 2504 fallacia
926 2455 1014 2505 deo
1062 2459 1322 2521 congruat,
1370 2459 1442 2515 ut,
1484 2472 1600 2507 cum
1637 2459 1745 2522 ipse
1786 2461 1938 2518 esset,

125 2540 186 2589 ad
223 2556 369 2603 quem
406 2541 721 2605 loquebatur,
769 2541 831 2590 ad
870 2541 1024 2590 alium
1069 2541 1239 2605 potius
1279 2544 1329 2592 et
1365 2557 1461 2591 non
1508 2542 1569 2592 ad
1609 2543 1939 2608 semetipsum

123 2626 428 2689 loqueretur.
490 2627 660 2690 accipe
711 2627 869 2692 igitur
922 2629 971 2675 et
1025 2627 1145 2676 alias
1192 2642 1345 2677 uoces
1389 2629 1546 2692 patris
1592 2628 1652 2677 de
1697 2627 1800 2677 filio
1852 2644 1941 2691 per

267 2835 307 2888 1]
339 2834 406 2875 Ps.
438 2834 506 2887 44,
538 2835 576 2875 2.
666 2836 706 2888 6]
739 2836 807 2876 Ps.
839 2836 877 2887 2,
911 2836 949 2875 7.
1040 2835 1109 2889 10]
1145 2835 1195 2876 cf.
1228 2836 1298 2878 Ps.
1335 2837 1426 2889 109,
1461 2836 1497 2877 3.
1575 2836 1628 2877 cf.
1653 2836 1777 2877 Pron.
1803 2836 1843 2887 8,
1869 2835 1937 2875 22.

184 2935 202 2974 1
238 2935 478 2975 eructuauit
512 2934 622 2984 MF,
660 2937 875 2976 eructauit
903 2936 1089 2990 Paulyo
1177 2937 1202 2977 2
1234 2948 1368 2989 aeque
1404 2936 1628 2978 Oehlerus:
1666 2935 1770 2976 haec
1799 2934 1944 2975 PMF

125 3006 149 3046 3
195 3007 434 3047 eruetuauit
477 3007 626 3056 PMF,
676 3009 886 3048 eructauit
929 3008 1117 3062 Ruu'lqo
1226 3010 1252 3049 4
1298 3008 1538 3049 eructuauit
1583 3007 1678 3060 PF,
1726 3006 1940 3047 eruetauit

126 3077 190 3129 M,
290 3077 394 3130 ipse,
427 3078 500 3131 qui
532 3081 575 3119 et
594 3079 705 3131 fort.
804 3080 826 3119 7
860 3080 1062 3132 generaui
1092 3079 1199 3131 PM,
1232 3079 1362 3132 genui
1392 3078 1439 3119 F
1523 3079 1574 3119 13
1607 3078 1710 3118 deus
1742 3076 1938 3118 dominus

126 3148 235 3190 PM.
268 3148 461 3189 dominus
493 3148 596 3190 deus
619 3148 666 3189 F
749 3150 800 3189 15
831 3163 943 3204 quae
970 3150 1018 3190 in
1040 3149 1297 3202 parenthesi
1321 3150 1453 3202 posui
1474 3149 1714 3202 «respiciunt
1739 3148 1799 3188 ad
1811 3148 1936 3199 prio-

124 3231 211 3258 rem
239 3219 643 3273 interrogationem:
674 3233 798 3273 quem
830 3222 972 3260 auten]
996 3220 1226 3261 uerebatur
1246 3205 1343 3272 sqq.⁴
1416 3220 1470 3261 24
1494 3222 1539 3261 et
1562 3219 1614 3260 de
1639 3232 1722 3273 quo
1745 3219 1939 3271 loquitur

127 3301 205 3330 om.
230 3289 272 3329 P
302 3290 421 3333 (add.
445 3289 488 3331 R
518 3290 567 3330 in
596 3304 673 3343 my.
700 3304 751 3332 ex
774 3291 1098 3344 Hz'rsauffiense‘)
1182 3292 1233 3332 27
1265 3290 1514 3345 loqueretur
1536 3290 1648 3331 Iun:
1678 3290 1937 3343 loquebatur

126 3360 337 3413 PMFR1,
366 3361 566 3414 loquatur
594 3360 656 3402 Rs*
686 3362 842 3415 reliqui

1804 3443 1878 3484 16*
