2248 3646
212 237 315 288 3122
582 232 771 286 Quinti
803 233 1031 289 Septimi
1060 233 1336 277 Florentis
1368 235 1702 279 Tertulliani

210 395 288 446 illi
327 394 515 461 gradus
554 395 748 446 ratione
788 395 1058 457 constabit,
1101 396 1199 447 alio
1240 395 1389 447 modo
1432 396 1743 449 destructus,
1776 400 1898 449 tunc
1931 399 2062 449 enim

210 482 471 533 rationalis
503 481 775 532 habebitur
808 481 890 532 uel
929 482 1151 533 secunda
1188 482 1238 533 in
1281 485 1572 535 extraneum
1612 484 1831 547 bonitaS,
1874 486 1917 536 si
1956 475 2062 537 sine

210 570 396 621 iniuria
441 569 550 620 eius
598 573 847 634 operetur,
904 570 1049 621 cuius
1098 572 1178 621 est
1220 585 1313 623 reS.
1369 587 1744 638 quamcumque
1781 572 2063 625 bonitatem

212 658 412 709 iustitia
441 657 604 722 prima
637 656 794 707 efficit
824 657 1142 710 rationalem.
1185 658 1321 710 sicut
1350 657 1399 709 in
1432 659 1697 725 principali
1730 660 1906 727 gradU,
1947 676 2063 711 cum

210 746 259 796 in
298 761 404 797 rem
445 761 587 795 suam
631 744 911 806 exhibetur,
955 745 1214 796 rationalis
1264 746 1360 796 erit
1408 746 1451 797 si
1500 746 1639 797 iusta
1679 747 1762 808 sit,
1812 747 1886 798 sic
1925 750 1977 799 et
2012 748 2064 799 in

213 836 504 885 extraneum
536 832 798 883 rationalis
829 832 994 883 uideri
1026 833 1233 899 poterit,
1275 833 1318 884 si
1350 849 1447 884 non
1488 834 1556 884 sit
1591 833 1797 886 iniusta.
1828 838 2063 887 'ceterum

211 921 377 986 qualis
422 920 622 971 bonitas
672 935 798 986 quae
846 935 936 986 per
973 919 1210 970 iniuriam
1260 922 1477 984 constat,
1524 923 1575 971 et
1613 921 1816 987 quidem
1856 938 1946 987 pro
1988 938 2066 974 ex-

210 1008 421 1060 traneo?
487 1008 707 1059 fortasse
761 1007 895 1058 enim
943 1024 1032 1073 pro
1089 1008 1370 1059 domestico
1427 1008 1748 1074 aliquatenus
1801 1010 2064 1063 rationalis

210 1098 458 1148 habeatur
495 1096 697 1147 bonitas
736 1095 998 1148 iniuriosa.
1067 1111 1157 1162 pro
1199 1099 1432 1149 extraneo
1473 1113 1611 1160 uer0,
1659 1098 1743 1148 cui
1780 1115 1869 1150 nec
1909 1100 2066 1164 proba

210 1185 440 1252 legitime
459 1184 743 1246 deberetur,
773 1199 870 1250 qua
888 1184 1081 1235 ratione
1098 1188 1204 1235 tam
1229 1184 1420 1236 iniusta
1442 1185 1707 1237 rationalis
1733 1186 2065 1238 defendetur?

213 1272 334 1338 quid
359 1272 491 1322 enim
517 1271 778 1334 iniustius,
814 1271 937 1337 quid
963 1272 1192 1337 iniquius
1219 1275 1270 1322 et
1299 1272 1581 1339 improbius
1616 1289 1767 1339 quam
1792 1274 1872 1325 ita
1903 1274 2064 1326 alieno

211 1359 506 1411 benefacere
554 1375 715 1423 seruo,
762 1362 819 1410 ut
869 1359 1074 1410 domino
1123 1359 1382 1426 eripiatur,
1424 1362 1484 1411 ut
1530 1361 1617 1411 alii
1654 1361 1963 1425 uindicetur,
2010 1365 2069 1413 ut

212 1448 458 1499 aduersus
501 1451 655 1513 caput
695 1447 888 1498 domini
922 1448 1244 1510 subornetur,
1280 1450 1331 1498 et
1364 1448 1587 1514 quidem,
1621 1449 1756 1514 quod
1788 1450 2068 1517 indigniuS,

213 1537 262 1587 in
309 1536 422 1601 ipsa
469 1535 634 1587 adhuc
674 1536 823 1586 domo
865 1535 1073 1599 domini,
1124 1535 1184 1586 de
1224 1536 1389 1602 ipsius
1430 1536 1596 1588 adhuc
1634 1538 1826 1590 horreis
1865 1539 2067 1600 uiuenS,

213 1625 307 1675 sub
339 1625 505 1690 ipsius
539 1624 704 1675 adhuc
736 1624 904 1691 plagis
938 1626 1199 1675 tremens?
1240 1625 1359 1675 talis
1400 1625 1631 1675 adsertor
1670 1626 1822 1676 etiam
1866 1626 2067 1677 damna-

212 1716 353 1763 retur
381 1713 431 1762 in
465 1714 686 1771 saeculo,
718 1712 907 1763 nedum
939 1712 1207 1779 plagiator.
1233 1728 1331 1763 non
1364 1713 1605 1764 aliter-reae
1625 1713 1748 1764 deus
1775 1714 2067 1777 MarcioniS,

211 1801 507 1866 inrumpens
554 1801 604 1850 in
646 1800 866 1851 alienum
907 1800 1174 1861 mundum,
1224 1801 1440 1867 eripiens
1481 1800 1575 1852 deo
1614 1802 1891 1865 hominem,
1937 1803 2070 1868 patri

212 1888 393 1950 filium,
435 1887 697 1939 educatori
735 1887 1035 1949 aluminum,
1077 1887 1280 1938 domino
1318 1888 1586 1951 famulum,
1627 1892 1686 1938 ut
1725 1905 1842 1939 eum
1883 1889 2071 1941 efficiat

216 1976 306 2027 deo
355 1975 589 2042 impium,
636 1975 768 2041 patri
813 1976 1187 2042 inreligiosum,
1236 1975 1496 2026 educatori
1534 1976 1809 2042 ingratum,
1867 1977 2069 2029 domino

213 2080 451 2129 nequam.
528 2079 612 2114 oro
669 2066 736 2125 te,
793 2063 837 2114 si
890 2063 1153 2114 rationalis
1206 2063 1410 2114 bonitas
1464 2063 1621 2114 talem
1675 2064 1813 2126 facit,
1870 2065 2121 2130 qualem-2

214 2152 403 2203 faceret
447 2150 799 2202 inrationalis?
839 2167 936 2202 non
986 2154 1164 2217 put-em
1213 2150 1641 2217 impudentiorem
1690 2168 1840 2218 quam
1889 2153 1976 2218 qui
2020 2153 2072 2204 in

216 2240 378 2290 aliena
430 2255 562 2304 aqua
616 2239 703 2289 alii
758 2238 850 2289 deo
908 2239 1142 2306 tingitur,
1198 2238 1259 2289 ad
1307 2239 1529 2289 alienum
1587 2240 1787 2290 caelum
1841 2240 1926 2290 alii
1978 2240 2070 2292 deo

216 2327 532 2394 expanditur,
578 2327 630 2377 in
679 2326 842 2377 aliena
885 2329 1020 2377 terra
1067 2326 1155 2376 alii
1203 2326 1295 2377 deo
1344 2327 1606 2388 sternitur,
1654 2343 1806 2392 super
1851 2328 2071 2379 alienum

214 2431 396 2482 panem
428 2415 518 2466 alii
549 2414 642 2465 deo
675 2414 953 2483 gratiarum
992 2414 1279 2465 actionibus
1318 2413 1568 2481 fungitur,
1608 2414 1669 2465 de
1708 2415 1886 2467 alienis
1925 2415 2072 2467 bonis

217 2503 279 2554 ob
328 2503 485 2554 alium
534 2502 686 2552 deum
742 2502 943 2553 nomine
999 2502 1321 2568 elemosynae
1377 2505 1428 2552 et
1475 2502 1762 2555 dilectionis
1819 2506 2070 2568 operatur.
2102 2546 2120 2556 2

217 2591 330 2656 quis
377 2590 478 2641 iste
526 2590 652 2642 deus
698 2593 802 2641 tam
849 2591 1030 2651 b01mS,
1079 2593 1139 2641 ut
1183 2590 1336 2640 homo
1378 2588 1438 2641 ab
1478 2590 1569 2641 illo
1611 2590 1775 2641 malus
1815 2590 1921 2651 fiat,
1966 2592 2072 2641 tam

218 2679 488 2745 propitiUS,
551 2681 610 2729 ut
670 2679 825 2728 alium
880 2678 958 2729 illi
1014 2678 1182 2741 deum,
1232 2680 1283 2728 et
1329 2677 1590 2728 dominum
1639 2676 1844 2743 quidem
1890 2678 2072 2744 ipsine,

218 2767 375 2818 faciat
411 2766 635 2817 iratum?

291 2856 373 2905 24.
422 2853 521 2905 Sed
562 2853 686 2905 deus
735 2853 872 2904 sicut
918 2858 1155 2904 aeternus
1204 2856 1254 2903 et
1300 2852 1585 2915 rationalis,
1640 2853 1728 2915 ita,
1778 2853 1969 2919 opinor,
2026 2856 2075 2903 et

218 2942 474 3008 perfectus
544 2942 593 2992 in
654 2942 915 2995 omnibus:
983 2942 1174 2992 eritis
1241 2941 1372 2991 enim
1428 2940 1718 3007 perfecti
1780 2941 2071 3006 quemad-

363 3072 436 3127 30]
469 3071 627 3114 Matth.
660 3072 698 3121 5,
730 3073 800 3114 48.

274 3161 303 3202 4
332 3160 470 3215 primo
492 3159 606 3213 fort.
732 3161 846 3202 sicut
874 3160 1054 3214 scripsi.-
1086 3161 1147 3202 sic
1179 3161 1225 3201 et-
1255 3159 1354 3202 MR
1479 3173 1573 3201 cum
1603 3158 1649 3200 in
1678 3171 1768 3200 rem
1800 3171 1921 3200 suam
1954 3158 2072 3200 exhi-

217 3234 360 3286 betur,
377 3233 604 3275 rationalis
622 3233 705 3275 erit
719 3234 904 3287 scripsi:
916 3233 1146 3275 rationalis
1172 3233 1269 3287 erit,
1289 3246 1384 3274 cum
1408 3233 1452 3274 in
1477 3245 1567 3274 rem
1592 3245 1713 3273 suam
1733 3231 1961 3273 exhibetur
1973 3231 2033 3272 M
2036 3232 2074 3274 R

221 3308 245 3348 5
270 3307 341 3348 sit.
365 3306 427 3348 sic
446 3307 582 3362 uulyo
667 3307 718 3349 13
737 3307 851 3361 quod
868 3306 993 3361 Eny:
1012 3320 1095 3361 quo
1111 3305 1212 3348 MR
1296 3306 1348 3347 16
1368 3305 1579 3347 lacunam
1594 3305 1798 3361 sigynaui:
1815 3308 1958 3346 autem
1978 3304 2074 3359 agit

218 3380 492 3422 intercidisse
513 3384 627 3433 puto
690 3380 742 3422 18
773 3379 1008 3422 aluminum
1033 3379 1100 3428 M,
1134 3381 1353 3421 alumnum
1378 3378 1443 3421 R-
1483 3378 1535 3420 21
1564 3391 1647 3420 non
1681 3383 1828 3432 putem
1856 3376 1984 3431 MR1,
2018 3390 2072 3418 an

220 3457 368 3507 putem
393 3452 457 3494 R³
544 3453 599 3495 25
631 3453 895 3495 elemosinae
926 3452 1039 3506 MF,
1073 3453 1374 3507 eleemosynae
1406 3451 1449 3494 R
1523 3452 1576 3493 27
1608 3451 1748 3506 ipsius
1778 3448 1889 3500 MF,
1922 3461 2002 3492 om.
2027 3448 2072 3491 R

2099 1207 2140 1238 10

2100 1645 2141 1679 15

2102 2944 2172 2996 30*
