2248 3646
137 1229 176 1259 10

136 1654 177 1685 15

132 2078 173 2111 20

135 2504 175 2534 25

546 289 640 331 VII.
672 288 934 330 Aduersus
964 288 1276 328 Marcionem
1306 287 1380 327 lib.
1405 287 1447 327 ΙΙ
1481 287 1657 330 19-20,
1908 290 2007 339 363

209 446 450 495 Hebraeis
510 460 631 494 uasa
690 459 837 494 aurea
898 446 946 492 et
1004 445 1248 508 argentea.
1322 443 1490 491 contra
1541 442 1754 492 Hebraei
1807 445 2008 492 mutuas

209 531 475 594 petitiones
507 530 794 589 instituunt,
835 528 1122 592 adlegantes
1156 527 1251 576 sibi
1283 542 1477 591 quoque
1509 528 1772 577 eorundem
1811 532 2007 590 patrum

208 616 405 666 nomine
466 630 519 664 ex
573 613 745 663 eodem
800 613 1073 676 scripturae
1124 612 1454 661 instrumento
1508 612 1758 661 mercedes
1810 613 2010 661 restitui

210 702 432 763 oportere
476 697 616 747 illius
664 697 910 760 operariae
959 696 1216 745 seruitutis
1263 710 1348 760 pro
1402 696 1572 745 lateris
1627 696 1869 756 deductiS,
1922 712 2008 761 pro

210 783 502 834 ciuitatibus
542 785 591 831 et
642 781 778 831 uillis
833 781 1123 831 aedificatis.
1200 780 1317 844 quid
1377 780 1638 839 iudicabis,
1701 781 1877 845 optimi
1931 781 2010 830 dei

210 868 426 918 elector?
484 867 739 917 Hebraeos
792 867 1014 915 fraudem
1070 880 1339 930 agnoscere
1393 865 1569 914 debere
1624 881 1678 914 an
1733 866 2006 930 Aegyptios

210 953 698 1017 compensationem?
738 967 848 1000 nam
876 954 924 1000 et
947 952 1085 999 aiunt
1106 951 1176 999 ita
1200 953 1366 999 actum
1398 966 1484 1013 per
1513 951 1706 1015 legatos
1738 951 2005 1013 utrimque,

206 1038 564 1103 Aegyptiorum
598 1037 798 1101 quidem
830 1036 1159 1100 repetentium
1200 1051 1336 1095 uasa,
1377 1036 1672 1085 Iudaeorum
1712 1051 1830 1084 uero
1870 1051 2006 1099 repo-

208 1124 454 1173 scentium
495 1138 668 1187 operas
710 1137 842 1173 suas,
898 1126 946 1171 et
984 1124 1147 1172 tamen
1188 1122 1276 1170 has
1316 1121 1561 1170 iniustitia
1599 1121 2009 1170 renuntiauerunt

206 1207 303 1257 sibi
341 1208 622 1273 Aegyptiis:
672 1206 818 1256 hodie
865 1207 1103 1256 aduersus
1149 1205 1470 1255 Marcionitas
1519 1206 1734 1269 amplius
1775 1205 2004 1270 adlegant

205 1293 435 1351 Hebraei,
482 1295 719 1356 negantes
770 1291 1161 1354 compensationi
1202 1291 1322 1340 satis
1365 1306 1472 1340 esse
1513 1290 1836 1354 quantumuis
1881 1291 2005 1339 illud

207 1377 311 1426 auri
344 1379 392 1426 et
431 1377 636 1441 argenti,
669 1376 762 1440 <si>
795 1379 1136 1425 sexcentorum
1169 1375 1363 1424 milium
1405 1391 1580 1438 operae
1618 1390 1704 1438 per
1741 1378 1816 1424 tot
1855 1390 2003 1424 annos

205 1463 287 1511 uel
338 1462 550 1527 singulis
596 1461 812 1511 nummis
860 1461 1047 1509 diurnis
1096 1461 1436 1510 aestimentur.
1506 1473 1630 1524 quae
1678 1463 1842 1509 autem
1891 1476 2002 1525 pars

202 1547 376 1609 maior,
416 1547 746 1610 repetentium
778 1561 900 1595 uasa
937 1562 994 1594 an
1033 1545 1356 1595 incolentium
1397 1545 1543 1594 uillas
1584 1548 1633 1593 et
1672 1546 1850 1594 urbes‘?
1891 1561 2005 1608 que-

205 1633 307 1680 rela
341 1646 456 1695 ergo
499 1631 654 1680 maior
698 1629 1056 1694 Aegvptiorum
1098 1646 1157 1678 an
1198 1630 1355 1694 gratia
1391 1630 1763 1679 Hebraeorum?
1803 1633 1859 1679 ut
1897 1633 2002 1680 solo

204 1715 491 1763 iniuriarum
551 1714 734 1764 iudicio
796 1714 1009 1763 Hebraei
1069 1714 1344 1779 Aegyptios
1411 1716 1794 1778 repercuterent,
1861 1715 2004 1764 liberi

206 1800 429 1849 homines
461 1800 508 1849 in
542 1801 850 1864 ergastulum
887 1800 1097 1856 subacti,
1142 1802 1196 1848 ut
1226 1800 1357 1849 solas
1390 1801 1620 1863 scapulas
1660 1815 1775 1850 suas
1815 1801 2001 1849 scribae

204 1900 370 1935 eorum
404 1885 533 1950 apud
566 1885 806 1934 subsellia
837 1900 927 1933 sua
959 1884 1273 1938 ostenderent
1303 1885 1614 1949 flagellorum
1647 1885 2002 1935 contumeliosa

203 1971 456 2020 atrocitate
487 1970 751 2020 laceratas:
787 1985 879 2020 non
911 1970 1084 2033 paucis
1115 1970 1342 2020 lancibus
1383 1973 1432 2019 et
1471 1970 1670 2034 scyphis
1708 1970 1999 2033 pauciorum

200 2055 373 2118 utique
412 2055 643 2116 diuitum,
695 2055 780 2105 sed
826 2056 945 2104 totis
992 2055 1178 2118 ubique
1226 2061 1274 2104 et
1311 2055 1533 2118 ipsorum
1581 2056 1904 2105 facultatibus
1953 2059 2000 2104 et

200 2140 511 2205 popularium
580 2141 798 2196 omnium
867 2141 1230 2190 conlationibus
1293 2141 1698 2190 satisfaciendum
1760 2141 1998 2190 Hebraeis

200 2227 613 2290 pronuntiassent.
651 2226 806 2290 igitur
844 2227 886 2275 si
925 2227 1051 2276 bona
1081 2226 1418 2275 Hebraeorum
1454 2242 1616 2285 causa,
1659 2227 1784 2275 bona
1820 2227 1918 2275 iam
1952 2229 2000 2275 et

203 2325 363 2373 causa,
395 2313 446 2362 id
479 2315 554 2362 est
584 2312 887 2372 mandatum,
920 2313 1170 2370 creatoris
1198 2312 1282 2376 qui
1315 2314 1363 2361 et
1386 2312 1657 2378 Aegyptios
1684 2315 1852 2376 gratos
1878 2312 1997 2361 fecit

201 2398 478 2448 nescientes
521 2401 569 2447 et
608 2413 753 2447 suum
792 2399 1033 2462 populum
1070 2398 1119 2447 in
1160 2400 1381 2461 tempore
1422 2398 1745 2462 expeditionis
1787 2400 1998 2463 angusto

205 2484 367 2547 aliquo
388 2484 563 2533 solatio
588 2484 766 2532 tacitae
793 2483 1211 2546 compensationis
1238 2484 1486 2546 expunxit.
1513 2484 1656 2546 plane
1682 2483 1844 2532 minus
1872 2483 2000 2546 exigi

200 2569 365 2619 iussit.
390 2569 629 2618 Hebraeis
663 2568 791 2618 enim
819 2569 968 2617 etiam
994 2568 1122 2617 filios
1148 2568 1385 2633 Aegyptii
1416 2569 1678 2617 restituere
1712 2568 1999 2619 debuerant.

342 2669 386 2721 4]
422 2667 472 2709 cf.
505 2667 636 2708 Exod.
672 2669 704 2714 1,
741 2668 805 2708 14.

256 2754 282 2793 4
310 2753 456 2793 lateris
487 2755 555 2803 (z
589 2751 809 2802 lateribus)
844 2752 907 2804 M,
938 2751 1112 2792 laternis
1143 2752 1194 2803 F,
1224 2752 1419 2792 laterinis
1449 2752 1636 2805 Ruulyo
1674 2752 1847 2804 (probat
1880 2753 1995 2805 ΕΦΨ)

201 2823 363 2864 eductis
386 2836 499 2876 susp.
517 2824 617 2876 Eny
674 2825 697 2864 9
723 2823 797 2863 has
821 2823 1032 2864 iniustitia
1051 2825 1121 2872 (z
1139 2823 1310 2875 iniuria)
1330 2823 1505 2875 scripsi:
1529 2823 1623 2863 hasi
1647 2823 1814 2863 iustitia
1830 2823 1896 2869 M,
1922 2823 1998 2864 has

198 2894 367 2935 iustitia.
394 2894 449 2943 R,
490 2895 601 2935 uasis
639 2895 733 2935 istis
764 2894 860 2947 Riy,
900 2894 1013 2935 uasis
1051 2894 1219 2935 iustitia
1255 2893 1468 2941 oehlerus,
1507 2894 1583 2934 has
1615 2894 1656 2934 in
1687 2894 1867 2935 iustitio
1899 2895 2000 2948 Ewy

201 2965 252 3005 10
282 2965 342 3005 ibi
378 2963 579 3006 Oehlerus
691 2966 912 3018 Aegyptiis
934 2965 1112 3017 scripsi:
1139 2964 1340 3017 Aegyptii
1364 2964 1481 3016 MR,-
1511 2965 1734 3018 intelleyo:
1767 2965 1862 3006 und
1892 2965 1993 3007 doch

200 3035 387 3077 lcisteten
421 3037 481 3077 sie
520 3038 606 3089 auf
644 3036 755 3077 diosc
791 3036 1172 3089 (Frohnarbeiten)
1216 3035 1293 3075 mit
1344 3035 1526 3076 Unrecht
1569 3049 1665 3076 zum
1717 3036 1879 3076 Vorteil
1926 3036 2000 3076 der

197 3107 425 3160 Aeqyptier
461 3107 651 3148 Verzicht
795 3108 840 3147 11
877 3107 1208 3161 compensationi
1239 3107 1294 3158 R,
1326 3108 1669 3160 compensatione
1700 3107 1757 3148 M
1784 3107 1854 3160 (fv
1887 3120 1996 3147 eras.

197 3191 250 3218 m.
275 3180 313 3230 1)
402 3179 450 3218 12
483 3179 519 3219 si
550 3178 651 3219 add.
675 3178 737 3220 R³
825 3179 873 3219 17
907 3178 1101 3219 subacti?
1135 3179 1182 3218 ut
1210 3178 1341 3230 uulyo
1425 3178 1474 3218 19
1498 3178 1736 3218 laceratas?
1760 3191 1843 3218 non
1867 3179 1998 3230 uulyo

199 3249 252 3290 20
291 3249 365 3289 sed
402 3249 506 3290 totis
545 3249 701 3302 ubique
737 3250 911 3301 scripsi:
951 3249 1121 3302 ubique,
1153 3248 1226 3288 sed
1257 3249 1360 3288 totis
1392 3249 1488 3289 MR
1573 3249 1626 3288 22
1650 3249 2000 3301 pronuntiassent

1596 3313 1609 3329 S

198 3341 374 3393 scripsi:
399 3342 714 3395 pronuntiasset
739 3341 845 3394 MR,
870 3342 1187 3395 pronuntiasses
1212 3340 1296 3394 Riy
1383 3342 1435 3381 23
1461 3343 1633 3393 gratoru
1657 3341 1715 3380 M
1734 3343 1855 3392 (corr.
1880 3355 1932 3381 m.
1958 3345 1995 3387 1)

200 3411 254 3452 26
292 3413 429 3453 minus
462 3432 513 3447 ε
537 3426 712 3465 parum,
744 3417 792 3453 ut
821 3413 996 3454 uidetur
1111 3413 1220 3452 enim
1261 3413 1389 3452 ctiam
1419 3411 1549 3463 MR³,
1583 3413 1711 3452 ctiam
1742 3410 1804 3452 131
