2248 3646
175 151 374 202 XXIIII
922 147 1276 191 Praefatio.

173 310 501 362 adhibentem
542 308 1001 359 animaduertimus
1042 307 1383 358 Mesnartium
1424 307 1474 358 in
1523 308 1761 360 notandis
1808 309 2042 360 codicum

172 397 484 449 lectionibus
527 412 647 447 cura
686 411 942 461 nusquam
983 396 1188 446 omnino
1232 394 1558 462 significauit,
1600 396 1723 462 quid
1763 412 1820 447 ex
1852 396 2043 448 codicis

173 485 256 537 sui
308 484 406 536 fide
447 483 570 549 quid
611 499 668 534 ex
708 483 1001 534 coniectura
1048 483 1336 546 nouauerit,
1393 483 1530 548 quod
1584 483 1824 550 equidem
1877 484 2043 551 magis

173 571 405 623 consulto
447 571 508 622 ab
544 586 600 621 eo
634 570 831 621 factum
872 585 1025 635 quam
1063 569 1262 620 incuria
1301 569 1550 622 omissum
1595 571 1914 635 crediderim,
1949 571 2044 622 sci-

170 659 294 710 licet
332 661 392 709 ut
431 673 489 709 eo
531 657 772 708 maiorem
818 659 1039 708 strueret
1077 657 1387 708 coniecturis
1437 657 1546 709 suis
1593 657 1763 710 fidem.
1809 674 1868 709 ea
1908 662 2043 710 certe

171 749 251 798 est
300 746 557 797 uariarum
609 744 890 796 lectionum
945 760 1075 810 quae
1129 744 1266 810 apud
1317 744 1468 796 illum
1514 745 1566 797 in
1604 746 1735 798 libro
1775 746 1834 797 de
1872 748 2046 797 carnis

170 835 535 884 resurrectione
588 833 921 884 inueniuntur
969 832 1217 896 condicio,
1266 835 1325 884 ut
1363 849 1483 898 prae
1530 849 1684 885 manu
1735 834 2043 900 scriptorum

170 922 383 975 testium
437 921 536 972 fide
585 937 760 973 omnes
807 921 911 972 fere
967 920 1366 972 contemnendas
1423 921 1652 973 duxerim
1695 924 1746 973 et
1784 922 1836 972 in
1878 939 2042 974 emen-

166 1009 332 1060 dando
388 1009 578 1075 ubique
634 1025 661 1059 a
720 1008 1001 1060 Mesnartio
1063 1008 1380 1075 reliquisque
1440 1009 1713 1076 procedere
1774 1010 2043 1062 maluerim

168 1112 321 1162 quam
362 1112 390 1147 a
432 1096 661 1159 Geleni0‚
702 1097 789 1163 qui
829 1101 1078 1162 quantum
1115 1096 1321 1163 ingenio
1355 1111 1448 1149 suo
1481 1096 1530 1150 in
1563 1097 1901 1149 immutandis
1934 1099 2042 1150 sine

169 1200 326 1235 causa
363 1187 633 1236 auctorum
674 1185 846 1236 uerbis
885 1184 1159 1235 indulserit
1198 1184 1403 1235 aliunde
1451 1200 1656 1252 quoque
1711 1188 1891 1237 notum
1948 1189 2043 1248 est,

169 1273 306 1323 sicut
345 1289 402 1323 ex
439 1273 663 1324 Arnobio
705 1276 756 1322 et
785 1273 1057 1324 Ammiano
1092 1273 1409 1324 Marcellino,
1451 1275 1680 1324 ceterum
1714 1274 1847 1339 apud
1873 1278 2043 1340 poste-

166 1360 327 1410 riores
383 1363 592 1427 propter
639 1361 804 1426 ipsam
844 1360 988 1422 illam
1030 1363 1191 1412 artem
1230 1361 1435 1412 tacendi
1473 1377 1639 1426 usque
1681 1361 1806 1412 adeo
1846 1362 2046 1413 inuenit

169 1447 338 1510 fidem,
394 1450 453 1498 ut
507 1449 740 1516 neglecto
780 1448 1063 1500 Mesnartio
1120 1451 1170 1499 et
1208 1448 1452 1500 Rhenano
1499 1449 1695 1515 ubique
1741 1449 1846 1500 fere
1892 1450 2037 1500 illum

170 1535 338 1586 secuti
378 1535 496 1599 sint,
553 1536 652 1587 nisi
699 1536 836 1603 quod
875 1536 1076 1602 aliquot
1112 1537 1242 1588 locis
1284 1536 1346 1588 de
1384 1536 1483 1587 fide
1525 1537 1635 1588 eius
1677 1536 2045 1589 dubitauerunt

171 1622 420 1674 Oehlerus
477 1627 527 1675 et
581 1626 784 1691 saepius
840 1624 995 1676 etiam
1047 1624 1503 1676 Reifferscheidius
1556 1625 1609 1675 in
1661 1625 1825 1691 primo
1887 1625 2042 1676 huius

170 1710 411 1763 editionis
450 1712 733 1776 uolumine,
775 1728 930 1779 quem
967 1715 1140 1764 tamen
1180 1713 1301 1778 plus
1335 1728 1496 1778 aequo
1529 1712 1610 1763 illi
1642 1712 1894 1765 confisum
1928 1728 2042 1765 esse

169 1799 292 1850 alibi
333 1799 675 1869 docuimus.1)
723 1800 861 1866 quod
900 1800 1108 1867 quidem
1149 1817 1388 1852 seuerum
1429 1801 1489 1852 de
1532 1800 1745 1853 Gelenio
1790 1801 2042 1853 iudicium

170 1902 287 1938 cum
328 1888 650 1955 comprobari
686 1891 909 1955 nequeat
946 1889 1047 1939 nisi
1087 1904 1145 1939 ex
1184 1889 1504 1956 singulorum
1542 1889 1775 1941 locorum
1824 1889 2042 1956 castiga»

165 1973 322 2036 tione,
377 1975 461 2027 hic
513 1976 738 2042 proferre
790 1978 993 2027 tantum
1046 1975 1175 2026 mihi
1226 1976 1398 2039 liceat,
1456 1976 1873 2042 comprobatione
1930 1976 2040 2028 eius

163 2061 344 2113 relicta
383 2062 750 2130 epilegomenis
789 2062 1064 2129 aliquando
1106 2062 1334 2114 edendis,

241 2149 383 2214 Quae
426 2153 546 2217 post
587 2150 787 2203 Gelenii
828 2167 973 2202 curas
1014 2167 1140 2201 anno
1177 2153 1315 2203 1562
1348 2151 1541 2218 prodiit
1571 2168 1705 2203 noua
1736 2151 2041 2203 Tertulliani

167 2237 324 2289 editio
353 2254 380 2289 a
410 2238 631 2290 Iacobo
666 2238 935 2290 Pamelio
963 2239 1215 2291 instructa
1247 2239 1557 2306 saepiusque
1592 2240 1769 2291 exinde
1800 2242 2035 2307 repetita,

167 2327 267 2377 etsi
306 2343 402 2378 non
443 2328 549 2377 tam
591 2326 905 2377 emendando
942 2342 1094 2392 quam
1122 2326 1504 2393 interpretando
1538 2327 1852 2380 Tertulliano
1883 2329 2040 2380 inser-

164 2413 301 2465 uiuit
330 2413 561 2465 Rhenani
592 2413 1008 2465 adnotationibus
1040 2413 1403 2480 iudicibusque
1437 2416 1489 2465 et
1513 2416 1754 2467 correctis
1780 2419 1832 2467 et
1855 2417 2038 2479 auctiS,

165 2517 263 2552 non
322 2503 495 2552 tamen
553 2501 713 2552 nullis
772 2501 1026 2552 instructa
1086 2505 1196 2552 erat
1253 2502 1403 2554 nouis
1466 2502 1703 2554 codicum
1773 2503 2039 2556 subsidiis,

165 2591 367 2656 praeter
420 2589 555 2640 enim
608 2590 775 2651 illum,
833 2606 983 2656 quem
1039 2606 1196 2656 supra
1239 2589 1504 2642 nominaui
1550 2591 1779 2643 codicem
1831 2592 2037 2643 Ioannis

169 2676 450 2729 Clementis
497 2678 668 2744 Angli,
726 2678 813 2742 qui
861 2678 1028 2744 qualis
1076 2678 1233 2730 fuerit
1270 2680 1421 2730 notae
1460 2679 1563 2729 iam
1603 2679 1843 2742 diximus,
1899 2679 2039 2730 Vati-

167 2782 321 2818 canos
363 2767 612 2833 quosdam
661 2767 920 2837 codices2)
975 2768 1026 2818 in
1065 2783 1219 2819 usum
1269 2783 1324 2819 se
1373 2782 1589 2819 uocasse
1628 2769 1867 2830 testatur,
1910 2782 2036 2833 quos

242 2994 275 3047 1)
313 2994 491 3051 inaest.
523 2994 638 3038 Tert.
664 2995 846 3039 criticae
874 2995 919 3037 in
953 2996 1014 3039 eis
1049 3010 1156 3051 quas
1189 2996 1345 3053 scripsi
1378 2994 1433 3038 ad
1463 2996 1600 3039 libros
1634 2996 1686 3038 de
1718 2994 1950 3050 baptismo,
1984 2995 2037 3037 de

159 3068 404 3123 pudicitia,
438 3067 490 3110 dc
519 3068 687 3111 ieiunio
719 3069 938 3112 aduersus
959 3069 1197 3124 psychicos
1221 3068 1686 3112 animaduersionibus.

242 3139 275 3193 ²)
311 3141 451 3183 Vnum
484 3140 686 3183 adhibuit
717 3140 773 3183 ad
802 3142 937 3184 libros
971 3141 1190 3186 aduersus
1218 3143 1435 3197 Iudaeos,
1469 3143 1520 3185 de
1541 3141 1901 3197 praescriptione
1931 3142 2033 3184 hae-

167 3214 415 3266 reticorum,
464 3213 680 3256 aduersus
725 3228 871 3258 omnes
918 3214 1130 3270 haereseS‚
1181 3215 1399 3258 aduersus
1443 3215 1775 3270 Hermogenem,
1823 3214 1931 3257 duos
1979 3214 2034 3257 ad

166 3286 302 3330 libros
333 3287 373 3329 V
404 3287 620 3330 aduersus
650 3287 945 3341 Marcionem,
984 3291 1075 3331 tres
1115 3288 1170 3331 ad
1207 3289 1401 3344 reliquos
1440 3302 1591 3331 omnes
1631 3287 1822 3344 corporis
1860 3287 2033 3331 Tertul-

166 3359 301 3403 lianei
329 3359 479 3405 libros
