2248 3646
281 155 384 206 566
652 151 841 203 Quinti
874 151 1103 206 Septimi
1135 150 1415 192 Florentis
1447 149 1777 192 Tertulliani

282 312 528 363 sanabit
581 326 687 363 nos
743 314 882 376 post
929 309 1194 371 biduum,
1250 309 1305 359 in
1358 309 1452 360 die
1499 309 1685 360 tertia
1730 325 2139 376 resurgemus.

282 399 396 465 quis
454 398 589 450 enim
643 397 767 448 haec
814 413 913 447 non
963 396 1136 448 credat
1180 397 1231 446 in
1278 396 1566 463 recogitatu
1616 396 1891 447 mulierum
1935 396 2138 447 illarum

279 486 516 538 uolutata
552 487 685 536 inter
726 485 952 535 dolorem
992 484 1274 550 praesentis
1317 483 1688 548 destitutionis,
1734 500 1833 550 qua
1869 499 2141 549 percussae

280 574 378 625 sibi
424 573 732 625 uidebantur
771 589 800 623 a
840 572 1061 634 dominc,
1111 576 1162 623 et
1201 588 1345 638 spem
1383 572 1773 623 resurrectionis
1814 572 1996 638 ipsiuS,
2047 588 2140 637 qua

278 660 590 712 restitutuiri
625 675 678 711 se
707 659 1115 710 arbitrabantur?
1143 674 1350 725 corpore
1377 661 1548 709 autem
1582 674 1680 709 non
1704 658 1913 710 inuento
1942 659 2145 710 sublata

281 751 388 800 erat
433 749 701 815 sepultura
751 747 862 798 eius
911 747 970 798 de
1009 746 1180 798 medio
1224 746 1508 797 secundum
1547 737 1766 797 Esaiam.
1817 747 1907 797 sed
1954 739 2140 798 et‘duo

277 835 468 886 ibidem
509 834 677 902 angeli
718 838 1075 901 apparuerunt.
1115 837 1193 885 tot
1231 833 1334 884 fere
1373 833 1715 884 laterensibus
1754 834 1833 884 uti
1865 834 2064 885 solebat
2092 834 2142 884 in

280 923 482 975 duobus
537 923 762 974 testibus
813 922 1099 974 consistens
1148 921 1229 973 dei
1276 937 1458 973 sermo.
1513 925 1828 972 reuertentes
1877 938 2077 987 quoque
2119 938 2145 972 a

280 1012 513 1076 sepulcro
535 1010 777 1061 mulieres
800 1014 849 1061 et
868 1010 928 1061 ab
946 1006 1037 1060 issa
1055 1010 1351 1077 angelorum
1371 1009 1570 1060 uisione
1588 1009 2145 1075 prospiciebatEsaias:

279 1099 589 1162 mulieres,
628 1097 812 1164 inquit,
857 1095 1066 1167 [uenite]
1109 1097 1429 1148 uenientes
1464 1112 1490 1147 a
1523 1096 1780 1157 uisione,
1821 1097 2046 1159 uenite,
2080 1097 2142 1147 ad

277 1186 668 1237 renuntiandam
711 1186 911 1237 scilicet
951 1185 1143 1236 domini
1181 1184 1628 1236 resurrectionem.
1775 1185 1912 1235 Bene
1953 1169 2142 1246 autem,

278 1274 414 1339 quod
443 1273 777 1325 incredulitas
812 1273 1184 1339 discipulorum
1217 1272 1594 1338 perseuerabat,
1627 1274 1686 1322 ut
1716 1272 1766 1322 in
1801 1270 1951 1322 finem
1978 1288 2141 1338 usque

277 1361 503 1413 defensio
568 1364 742 1413 nostra
804 1362 1110 1413 consisteret
1165 1359 1426 1412 Christum
1479 1361 1654 1412 Iesum
1708 1376 1806 1411 non
1869 1360 2026 1411 alium
2090 1376 2141 1410 se

279 1449 546 1516 discipulis
588 1450 810 1501 edidisse
854 1465 1005 1515 quam
1052 1450 1433 1515 prophetarum.
1482 1463 1599 1498 nam
1647 1463 1762 1498 cum
1805 1448 1903 1499 duo
1945 1464 2002 1499 ex
2039 1448 2143 1499 illis

276 1538 375 1588 iter
415 1540 622 1602 agerent
666 1540 716 1588 et
756 1537 991 1588 dominus
1035 1537 1108 1587 eis
1150 1536 1483 1594 adhaesisset,
1533 1552 1630 1587 non
1673 1551 1969 1601 comparens
2011 1535 2144 1600 quod

275 1625 387 1691 ipse
437 1628 589 1687 esset,
640 1625 795 1676 etiam
844 1624 1177 1676 dissimulans
1227 1624 1287 1674 de
1329 1623 1643 1675 conscientia
1681 1624 1753 1674 rei
1793 1627 1990 1691 gestae:
2038 1638 2142 1673 nos

279 1716 481 1764 autem
530 1714 917 1780 putabamUS,
965 1712 1223 1778 inquiunt,
1272 1712 1469 1778 ipsum
1519 1727 1652 1763 esse
1699 1712 2142 1778 redemptorem

275 1800 594 1863 IsraheliS,
642 1801 823 1867 utique
865 1815 1017 1851 suum
1059 1799 1341 1855 Christum.
1379 1798 1432 1849 id
1472 1802 1551 1850 est
1590 1798 1847 1850 creatoris.
1889 1798 2012 1849 adeo
2053 1812 2144 1848 nec

278 1889 435 1940 alium
471 1904 524 1940 se
558 1872 787 1940 ediderat
817 1888 940 1939 illis.
976 1890 1203 1939 ceterum
1235 1903 1333 1938 non
1366 1887 1717 1938 existimarent
1741 1902 1858 1940 eum
1886 1886 2143 1948 creatoriS,

279 1979 329 2027 et
376 1993 494 2028 cum
542 1977 785 2028 creatoris
836 1976 1228 2038 existimaretur,
1277 1991 1373 2026 non
1421 1974 1758 2027 sustinuisset
1802 1973 1933 2025 hanc
1981 1973 2042 2024 de
2090 1988 2142 2024 se

278 2064 725 2127 existimationem,
778 2064 820 2114 si
875 2079 972 2114 non
1027 2063 1071 2113 is
1120 2066 1274 2125 esset,
1317 2063 1403 2129 qui
1451 2062 1852 2113 existimabatur.
1900 2063 1990 2112 aut
2034 2061 2142 2127 ipse

279 2151 374 2202 erit
399 2153 577 2203 auctor
603 2151 785 2203 erroris
814 2153 865 2201 et
888 2150 1267 2216 praeuaricator
1299 2150 1534 2201 ueritatis
1569 2149 1815 2200 aduersus
1849 2148 1929 2200 dei
1962 2148 2143 2214 optimi

276 2239 504 2290 titulum.
560 2238 650 2290 sed
704 2255 797 2290 nec
852 2240 971 2304 post
1022 2238 1448 2289 resurrectionem
1497 2237 1655 2288 alium
1696 2252 1748 2287 se
1798 2236 1870 2287 eis
1920 2235 2143 2287 ostendit

278 2342 432 2392 quarn
481 2341 632 2391 quem
682 2326 1033 2377 existimatum
1081 2324 1180 2375 sibi
1219 2324 1460 2375 dixerant.
1505 2323 1653 2391 plane
1699 2323 1934 2374 inuectus
1976 2326 2054 2374 est
2091 2323 2141 2373 in

275 2414 419 2466 illos:
463 2430 489 2465 o
531 2414 841 2465 insensati
883 2416 941 2463 et
978 2412 1140 2464 tardi
1181 2412 1359 2464 corde
1392 2413 1449 2462 in
1483 2427 1594 2463 non
1629 2411 1926 2462 credendo
1962 2411 2140 2462 omni-

276 2503 402 2567 bus,
450 2506 595 2568 ‘quae
642 2503 849 2553 locutus
898 2504 979 2552 est
1025 2501 1088 2552 ad
1140 2506 1273 2552 uos.'
1328 2515 1577 2565 quaenam
1630 2500 1872 2550 locutus?
1929 2499 2139 2550 alterius

276 2607 329 2642 se
385 2591 465 2642 dei
527 2593 673 2642 esse?
735 2590 909 2657 proba,
967 2592 1018 2641 et
1070 2605 1251 2640 manus
1315 2588 1458 2640 dedo.
1522 2603 1583 2638 an
1638 2588 1814 2639 eadem
1870 2590 1920 2639 et
1974 2585 2140 2654 angeli

421 2691 462 2747 5]
497 2690 551 2734 cf.
584 2691 655 2733 Es.
688 2691 757 2742 57,
790 2691 828 2733 2.
935 2690 977 2745 8]
1013 2689 1064 2732 cf.
1098 2690 1200 2732 Luc.
1233 2690 1302 2744 24,
1335 2689 1374 2731 9.
1484 2689 1553 2744 10]
1587 2689 1662 2731 Es.
1696 2689 1765 2743 27,
1802 2689 1868 2733 11.
1982 2688 2051 2743 14]
2087 2686 2138 2730 cf.

274 2764 378 2809 Luc.
412 2764 480 2819 24,
513 2764 698 2807 13—33.
828 2764 898 2818 16]
933 2763 1038 2806 Luc.
1072 2764 1141 2812 24,
1175 2763 1244 2806 21.
1370 2763 1440 2817 25]
1473 2763 1575 2804 Luc.
1609 2763 1678 2816 24,
1710 2762 1778 2804 25.
1899 2761 1971 2816 26]
2006 2761 2140 2803 uerba

276 2836 497 2892 euangelii
526 2837 759 2879 Marciohis
793 2850 840 2878 ex
871 2836 974 2878 Luc.
1007 2837 1076 2891 24,
1109 2837 1164 2878 25
1198 2835 1383 2883 detorta.

334 2929 358 2969 5
383 2925 648 2967 restitutuiri
673 2927 744 2978 (τε
761 2925 1016 2967 restitutum
1034 2924 1105 2978 iri)
1128 2938 1173 2966 se
1190 2924 1313 2980 Eny:
1330 2923 1505 2966 restitui
1523 2924 1607 2965 rite
1624 2923 1724 2965 MR
1814 2921 2139 2964 arbitrabantur

274 2999 455 3053 scripsi:
486 2997 757 3041 arbitrantur
786 2997 887 3040 MR
979 2997 1032 3041 10
1064 2998 1213 3040 uenite
1244 2997 1342 3040 secl.
1375 2997 1492 3039 Pam
1583 2997 1633 3039 21
1670 2995 2000 3038 existimabatur
2022 2995 2138 3037 Lat:

277 3071 549 3114 existimatur
579 3071 679 3114 MR
710 3071 873 3125 reliqui
961 3071 1015 3112 25
1045 3071 1146 3113 illos
1177 3069 1254 3125 Rss,
1286 3070 1374 3112 illis
1399 3069 1518 3113 MR1
1599 3070 1653 3112 26
1688 3082 1901 3124 quaenam
1930 3068 2136 3111 locutus?

276 3144 457 3187 alterius
474 3143 607 3198 MR1,
634 3157 746 3200 quae
769 3145 941 3187 locutus
965 3146 1116 3198 <non>
1146 3144 1326 3186 alterius
1342 3143 1406 3186 RS
1421 3144 1557 3198 uulyo
1617 3143 1670 3184 27
1690 3156 1735 3184 se
1755 3141 1824 3184 dei
1843 3141 1967 3184 esse?
1985 3142 2135 3196 proba,

276 3220 321 3260 et
350 3231 503 3259 manus
537 3217 662 3260 dedo.
696 3232 750 3259 an
783 3215 935 3260 eadem
966 3217 1148 3271 scripsi:
1178 3231 1223 3259 se
1257 3216 1327 3258 dei
1360 3230 1453 3259 esse
1492 3216 1652 3271 probat
1683 3219 1727 3258 et
1765 3229 1920 3258 manus
1953 3214 2005 3257 de
2039 3214 2134 3256 deo.

277 3305 330 3333 an
364 3290 513 3333 eadem
539 3290 671 3340 MR¹‚
706 3303 750 3332 se
774 3290 844 3333 dei
869 3304 962 3333 esse
984 3290 1156 3345 probat,
1184 3289 1261 3332 sed
1293 3289 1487 3332 eiusdem
1513 3288 1596 3333 dei.
1621 3288 1896 3332 nameadem
1919 3287 1985 3331 R³
1999 3288 2136 3342 uulgo

277 3377 329 3406 an
363 3384 416 3399 =
448 3363 552 3406 oder
582 3363 707 3406 ‘nicht
738 3361 882 3406 etwa?
913 3364 1066 3405 malim
1098 3362 1297 3417 widem.-
1330 3362 1495 3414 eadem,
1524 3363 1700 3418 <quae>
1730 3365 1774 3404 et

2175 1553 2217 1584 15

2174 1992 2214 2022 20

2169 2431 2214 2463 25
