2248 3646
132 1133 174 1164 10

135 1558 173 1588 15

134 1981 179 2012 20

137 2406 181 2437 25

575 195 668 236 Vn.
701 196 960 236 Aduersus
990 195 1304 236 Marcionem
1335 195 1408 235 lib.
1440 195 1471 236 Ι.
1506 197 1628 236 6-7.
1902 199 2002 248 299

205 367 323 402 sono
363 366 452 401 nec
489 355 633 400 notae
672 351 883 400 nominis
931 350 1078 398 huius
1119 365 1372 398 summum
1417 364 1649 414 magnum
1697 349 1746 397 in
1787 352 2004 398 creatore

205 436 428 495 defendo,
476 435 562 485 sed
607 435 704 500 ipsi
743 434 1068 494 substantiae,
1118 433 1197 483 cui
1242 448 1420 482 nomen
1465 434 1558 483 1103
1603 433 1829 498 contigit.
1883 433 2006 482 hanc

203 521 459 570 inueniens
486 521 643 570 solam
680 519 898 568 innatam
931 518 1181 578 infectam,
1216 517 1372 567 solam
1405 520 1655 567 aeternam
1688 521 1738 567 et
1767 518 2007 566 uniuersi-

202 606 321 654 tatis
368 604 706 664 conditricem,
758 619 852 654 non
905 602 1108 663 nomini,
1164 602 1250 652 sed
1303 603 1473 661 statui,
1528 617 1617 651 nec
1670 602 2006 666 appellationi,

204 691 290 739 sed
330 689 606 740 condicioni
639 688 745 738 31113
778 703 1028 737 summum
1070 702 1307 752 magnum
1348 688 1396 735 et
1435 686 1660 736 adscribo
1702 689 1750 736 et
1787 686 2007 735 uindico.

205 780 254 824 et
290 775 417 835 ideo,
458 775 571 838 quia
604 774 724 823 deus
756 774 853 822 iam
886 772 1051 821 uocari
1085 771 1299 820 obtinuit
1337 772 1620 820 substantia
1652 772 1731 821 cui
1762 771 2005 829 adscribO,

204 859 391 910 nemini
422 875 499 908 me
529 858 803 907 adscribere
828 860 988 920 putaS,
1022 856 1137 920 quia
1167 870 1368 905 necesse
1411 858 1487 904 est
1516 871 1603 919 per
1633 870 1810 904 nomen
1844 857 2006 904 osten-

206 945 313 993 dam
356 944 435 994 cui
476 943 754 993 adscribam
795 941 1121 998 substantiae,
1163 940 1356 990 scilicet
1395 956 1492 1003 qua
1530 942 1724 989 constat
1762 940 1847 1004 qui
1886 940 2007 989 deus

205 1029 400 1078 dicitur.
420 1031 471 1078 at
488 1043 739 1078 summum
759 1041 992 1091 magnum
1019 1040 1073 1073 ex
1099 1025 1394 1085 substantia,
1419 1040 1513 1074 non
1541 1040 1596 1073 ex
1620 1025 1831 1084 nomine,
1859 1025 2008 1088 depu-

206 1117 348 1164 tatur.
389 1113 599 1175 denique
644 1113 738 1161 hoc
785 1115 834 1160 et
877 1110 1097 1159 Marcion
1147 1125 1236 1158 suo
1284 1109 1372 1158 deo
1418 1109 1695 1169 uindicans,
1736 1109 2006 1158 secundum

205 1202 408 1258 statum,
448 1214 542 1247 non
583 1197 856 1247 secundum
895 1195 1197 1244 uocabulum
1236 1194 1471 1243 uindicat.
1510 1194 1559 1243 id
1600 1209 1714 1259 ergo
1757 1209 2008 1242 summum

204 1298 456 1347 magnum,
497 1282 628 1345 quod
675 1282 763 1330 deo
810 1280 1141 1329 adscribimus
1190 1295 1245 1328 ex
1291 1279 1600 1328 substantiae
1638 1280 1767 1343 lege,
1807 1294 1901 1327 non
1956 1294 2010 1327 ex

205 1367 417 1417 nominis
458 1370 604 1427 sorte,
639 1365 984 1415 contendimus
1020 1380 1076 1413 ex
1107 1364 1212 1427 pari
1245 1378 1353 1413 esse
1388 1363 1565 1412 debere
1596 1363 1646 1412 in
1679 1363 1890 1423 duobus,
1926 1363 2010 1426 qui

205 1468 260 1501 ea
292 1452 572 1502 substantia
610 1453 853 1510 constant,
894 1464 1019 1513 quae
1052 1448 1173 1498 deus
1208 1448 1403 1508 dicitur,
1439 1448 1555 1512 quia
1583 1448 1633 1496 in
1668 1451 1907 1511 quantum
1941 1448 2008 1496 dii

204 1539 462 1597 uocantur,
517 1536 569 1585 id
614 1540 691 1585 est
737 1549 931 1584 summa
980 1549 1176 1599 magna,
1226 1533 1535 1583 substantiae
1584 1533 1779 1582 scilicet
1830 1533 2005 1582 merito

207 1623 404 1671 innatae
444 1624 493 1671 et
532 1623 756 1670 aeternae
796 1635 851 1669 ac
888 1635 974 1684 per
1005 1619 1099 1668 1103
1130 1634 1335 1684 magnae
1368 1622 1417 1667 et
1450 1633 1688 1678 summae,
1727 1618 1775 1666 in
1816 1620 2009 1667 tantum

207 1722 303 1756 non
341 1707 503 1771 possit
541 1722 792 1756 summum
832 1720 1066 1770 magnum
1106 1704 1271 1753 minus
1319 1707 1368 1753 et
1414 1704 1630 1753 deterius
1671 1704 1764 1752 alio
1815 1719 2009 1752 summo

206 1809 387 1857 magno
427 1793 608 1842 haberi.
650 1792 692 1841 si
732 1791 915 1840 summi
947 1790 1362 1861 magni-felicitas
1396 1793 1443 1839 et
1476 1790 1761 1839 sublimitas
1803 1793 1852 1837 et
1888 1788 2010 1837 inte-

209 1879 361 1942 gritas
408 1878 562 1927 stabit
604 1878 652 1926 in
700 1877 789 1927 deo
837 1875 1121 1935 Marcionis,
1170 1875 1323 1925 stabit
1361 1890 1516 1938 aeque
1556 1877 1604 1923 et
1646 1875 1696 1923 in
1735 1876 1921 1935 nostro,
1970 1873 2010 1922 si

207 1979 301 2012 non
350 1965 399 2012 et
450 1963 497 2011 in
543 1965 727 2022 nostrO,
781 1977 935 2025 aeque
988 1976 1076 2010 nec
1127 1962 1173 2009 in
1229 1960 1512 2010 Marcionis,
1567 1975 1681 2025 ergo
1735 1975 1823 2008 nec
1876 1959 2012 2023 paria

211 2050 354 2097 erunt
393 2047 488 2097 duo
528 2063 724 2097 summa
761 2063 957 2114 magna,
999 2047 1113 2110 quia
1150 2046 1380 2110 prohibet
1419 2045 1663 2108 disposita
1700 2045 1797 2094 iam
1839 2044 2012 2109 regula

209 2132 391 2181 summi
450 2133 616 2198 magni
668 2132 1085 2196 comparationem
1144 2146 1238 2180 non
1299 2131 1568 2189 sustinenS,
1627 2145 1717 2179 nec
1777 2129 2009 2193 disparia,

210 2217 325 2280 quia
364 2219 412 2267 et
449 2218 545 2266 alia
584 2218 766 2267 summi
805 2217 972 2283 magni
1012 2217 1185 2281 regula
1225 2216 1455 2275 occurrit,
1497 2216 1879 2265 diminutionem
1917 2231 2010 2264 non

211 2301 489 2351 admittens
527 2302 747 2362 haesisti,
787 2302 1025 2361 Marcion,
1065 2301 1112 2349 in
1153 2300 1316 2349 medio
1350 2300 1496 2349 Ponti
1537 2300 1611 2348 tui
1650 2303 1806 2348 aestu.
1838 2299 2006 2348 utrim-

209 2402 303 2450 que
339 2389 388 2436 te
426 2387 606 2436 fluctus
638 2387 864 2437 ueritatis
902 2387 1184 2437 inuoluunt.
1218 2401 1307 2435 nec
1337 2401 1481 2448 pares
1514 2400 1603 2434 nec
1637 2385 1858 2448 dispares
1893 2384 2010 2433 deos

210 2471 383 2520 sistere
430 2474 585 2535 potes.
625 2471 720 2520 duo
761 2471 889 2520 enim
930 2486 1025 2520 non
1074 2474 1203 2520 sunt.
1252 2469 1385 2533 quod
1430 2469 1677 2532 pertineat
1714 2469 1909 2533 proprie
1950 2468 2009 2517 ad

209 2555 397 2605 numeri
434 2558 771 2616 retractatum,
820 2571 1118 2619 quamquam
1158 2557 1266 2604 tota
1312 2555 1519 2604 materia
1558 2555 1615 2603 de
1662 2554 1857 2604 duobus
1906 2554 2009 2602 deis

210 2641 487 2701 dimicetur,
543 2641 619 2690 his
672 2641 868 2690 interim
922 2641 1066 2690 lineis
1121 2656 1232 2689 eum
1287 2640 1546 2700 311131111113,
1600 2641 1730 2689 intra
1784 2655 1904 2702 quas
1953 2639 2011 2687 de

210 2727 544 2791 singularibus
583 2727 678 2775 iam
718 2727 1106 2790 proprietatibus
1146 2725 1535 2791 congrediemur.

267 2853 284 2892 1
317 2855 443 2893 notae
473 2852 581 2898 MR,
616 2866 717 2893 uoce
749 2853 818 2894 uel
847 2854 973 2892 notae
994 2850 1138 2904 R¹m9
1214 2851 1238 2891 2
1266 2852 1462 2905 contigit,
1486 2852 1596 2892 hanc
1618 2851 1749 2904 uulqo
1852 2851 1875 2890 9
1910 2849 2010 2890 dici-

207 2925 286 2962 tur.
310 2925 354 2963 at
373 2923 548 2975 scripsi:
571 2923 738 2975 dicitur,
763 2926 806 2963 et
828 2923 925 2965 MR
1006 2924 1057 2964 10
1082 2923 1160 2964 1103
1183 2925 1225 2963 et
1246 2923 1430 2963 marcion
1455 2923 1565 2964 MR.
1592 2926 1635 2963 et
1656 2922 1737 2962 hoc
1761 2922 1946 2962 marcion
1970 2919 2017 2960 F

210 3015 261 3054 14
291 3018 490 3056 constant
517 3015 572 3063 R,
606 2988 775 3056 constant
803 3015 859 3056 M
889 3020 932 3066 (n
962 3029 994 3056 s.
1027 3028 1069 3055 u.
1106 3028 1133 3055 α
1162 3029 1213 3056 m.
1247 3018 1303 3067 1),
1335 3018 1503 3055 constat
1533 3014 1579 3055 F
1699 3027 1804 3068 qnae
1834 3013 2013 3066 scripsi.-

208 3098 290 3138 qua
305 3086 402 3129 MR
475 3087 574 3140 quia
590 3085 663 3139 R3,
682 3087 781 3139 quia
797 3088 868 3140 qui
885 3085 1000 3128 MR¹
1061 3087 1111 3127 16
1131 3084 1478 3136 et(azc.)0m.R³
1536 3087 1588 3126 22
1608 3086 1820 3126 sustinens
1837 3085 2012 3137 scripsi.-

207 3157 457 3198 snstinentis
488 3156 584 3198 MR
671 3158 724 3198 25
755 3158 951 3199 ueritatis
982 3157 1210 3197 inuoluunt
1239 3157 1304 3208 M,
1336 3157 1565 3196 inuoluunt
1594 3155 1792 3197 ueritatis
1822 3155 2010 3207 Ruulyo

207 3228 260 3269 26
284 3229 383 3268 sunt
393 3244 401 3276 ;
429 3227 540 3281 quod
563 3229 694 3282 uulqo
767 3229 819 3269 27
844 3230 1136 3268 retractatum.
1162 3240 1416 3280 quamquam
1434 3227 1567 3280 uulyo
1640 3226 1693 3267 28
1718 3239 1810 3266 eum
1835 3226 2011 3278 scripsi:

208 3311 298 3339 eam
330 3298 426 3340 MR
549 3299 750 3340 clusimus
781 3299 845 3347 M,
879 3298 1107 3339 clausimus
1137 3298 1324 3350 Ruuzyo
