<?xml version="1.0" encoding="UTF-8"?>
<!DOCTYPE html PUBLIC "-//W3C//DTD XHTML 1.0 Transitional//EN"
    "http://www.w3.org/TR/xhtml1/DTD/xhtml1-transitional.dtd">
<html xmlns="http://www.w3.org/1999/xhtml" xml:lang="en" lang="en">
 <head>
  <title>
</title>
<meta http-equiv="Content-Type" content="text/html;charset=utf-8" />
  <meta name='ocr-system' content='tesseract 3.04.00' />
  <meta name='ocr-capabilities' content='ocr_page ocr_carea ocr_par ocr_line ocrx_word'/>
</head>
<body>
  <div class='ocr_page' id='page_1' title='image "./quintiseptimiflo47tertuoft_0273.png"; bbox 0 0 2248 3646; ppageno 0'>
   <div class='ocr_carea' id='block_1_1' title="bbox 109 1169 159 1199">
    <p class='ocr_par' dir='ltr' id='par_1_1' title="bbox 109 1169 159 1199">
     <span class='ocr_line' id='line_1_1' title="bbox 109 1169 159 1199; baseline 0.02 -2"><span class='ocrx_word' id='word_1_1' title='bbox 109 1169 159 1199; x_wconf 45' lang='lat'>,10</span> 
     </span>
    </p>
   </div>
   <div class='ocr_carea' id='block_1_2' title="bbox 121 1597 157 1625">
    <p class='ocr_par' dir='ltr' id='par_1_2' title="bbox 121 1597 157 1625">
     <span class='ocr_line' id='line_1_2' title="bbox 121 1597 157 1625; baseline -0.056 0"><span class='ocrx_word' id='word_1_2' title='bbox 121 1597 157 1625; x_wconf 58' lang='lat'>15</span> 
     </span>
    </p>
   </div>
   <div class='ocr_carea' id='block_1_3' title="bbox 115 2022 155 2052">
    <p class='ocr_par' dir='ltr' id='par_1_3' title="bbox 115 2022 155 2052">
     <span class='ocr_line' id='line_1_3' title="bbox 115 2022 155 2052; baseline -0.025 0"><span class='ocrx_word' id='word_1_3' title='bbox 115 2022 155 2052; x_wconf 85' lang='lat'>20</span> 
     </span>
    </p>
   </div>
   <div class='ocr_carea' id='block_1_4' title="bbox 117 2447 156 2478">
    <p class='ocr_par' dir='ltr' id='par_1_4' title="bbox 117 2447 156 2478">
     <span class='ocr_line' id='line_1_4' title="bbox 117 2447 156 2478; baseline 0.026 -1"><span class='ocrx_word' id='word_1_4' title='bbox 117 2447 156 2478; x_wconf 83' lang='lat'>25</span> 
     </span>
    </p>
   </div>
   <div class='ocr_carea' id='block_1_5' title="bbox 703 230 2003 281">
    <p class='ocr_par' dir='ltr' id='par_1_5' title="bbox 703 230 2003 281">
     <span class='ocr_line' id='line_1_5' title="bbox 703 230 2003 281; baseline -0.001 -10"><span class='ocrx_word' id='word_1_5' title='bbox 703 230 774 271; x_wconf 77' lang='lat' dir='ltr'>VI.</span> <span class='ocrx_word' id='word_1_6' title='bbox 807 230 1076 272; x_wconf 84' lang='lat' dir='ltr'>Aduersus</span> <span class='ocrx_word' id='word_1_7' title='bbox 1106 231 1338 271; x_wconf 80' lang='lat' dir='ltr'>Praxean</span> <span class='ocrx_word' id='word_1_8' title='bbox 1369 231 1492 273; x_wconf 79' lang='lat'><strong>4—5.</strong></span> <span class='ocrx_word' id='word_1_9' title='bbox 1899 231 2003 281; x_wconf 78' lang='lat'>233</span> 
     </span>
    </p>
   </div>
   <div class='ocr_carea' id='block_1_6' title="bbox 184 385 2008 2503">
    <p class='ocr_par' dir='ltr' id='par_1_6' title="bbox 184 385 2008 2503">
     <span class='ocr_line' id='line_1_6' title="bbox 198 385 2004 451; baseline 0 -17"><span class='ocrx_word' id='word_1_10' title='bbox 198 386 283 450; x_wconf 89' lang='lat' dir='ltr'>qui</span> <span class='ocrx_word' id='word_1_11' title='bbox 322 385 389 437; x_wconf 84' lang='lat' dir='ltr'>sit-</span> <span class='ocrx_word' id='word_1_12' title='bbox 426 388 475 435; x_wconf 89' lang='lat' dir='ltr'>et</span> <span class='ocrx_word' id='word_1_13' title='bbox 513 385 759 450; x_wconf 87' lang='lat' dir='ltr'>quomodo</span> <span class='ocrx_word' id='word_1_14' title='bbox 800 387 881 446; x_wconf 86' lang='lat' dir='ltr'>sit,</span> <span class='ocrx_word' id='word_1_15' title='bbox 929 388 978 435; x_wconf 90' lang='lat' dir='ltr'>et</span> <span class='ocrx_word' id='word_1_16' title='bbox 1020 385 1090 435; x_wconf 87' lang='lat' dir='ltr'>ita</span> <span class='ocrx_word' id='word_1_17' title='bbox 1137 401 1215 435; x_wconf 87' lang='lat' dir='ltr'>res</span> <span class='ocrx_word' id='word_1_18' title='bbox 1261 387 1372 449; x_wconf 88' lang='lat' dir='ltr'>ipsa</span> <span class='ocrx_word' id='word_1_19' title='bbox 1416 386 1624 436; x_wconf 85' lang='lat' dir='ltr'>formam</span> <span class='ocrx_word' id='word_1_20' title='bbox 1664 402 1804 436; x_wconf 87' lang='lat' dir='ltr'>suam</span> <span class='ocrx_word' id='word_1_21' title='bbox 1854 385 2004 451; x_wconf 90' lang='lat' dir='ltr'>scrip-</span> 
     </span>
     <span class='ocr_line' id='line_1_7' title="bbox 196 470 2004 535; baseline 0.001 -16"><span class='ocrx_word' id='word_1_22' title='bbox 196 470 339 530; x_wconf 78' lang='lat' dir='ltr'>turiS,</span> <span class='ocrx_word' id='word_1_23' title='bbox 388 473 437 520; x_wconf 89' lang='lat' dir='ltr'>et</span> <span class='ocrx_word' id='word_1_24' title='bbox 479 470 972 534; x_wconf 71' lang='lat' dir='ltr'>interpretationibus</span> <span class='ocrx_word' id='word_1_25' title='bbox 1028 486 1195 520; x_wconf 88' lang='lat' dir='ltr'>earum</span> <span class='ocrx_word' id='word_1_26' title='bbox 1249 471 1660 535; x_wconf 72' lang='lat' dir='ltr'>patrocinantem,</span> <span class='ocrx_word' id='word_1_27' title='bbox 1713 471 2004 521; x_wconf 89' lang='lat' dir='ltr'>uindicabit.</span> 
     </span>
     <span class='ocr_line' id='line_1_8' title="bbox 196 555 2005 621; baseline 0.001 -18"><span class='ocrx_word' id='word_1_28' title='bbox 196 556 336 604; x_wconf 87' lang='lat' dir='ltr'>aiunt</span> <span class='ocrx_word' id='word_1_29' title='bbox 373 555 571 619; x_wconf 88' lang='lat' dir='ltr'>quidam</span> <span class='ocrx_word' id='word_1_30' title='bbox 612 558 662 604; x_wconf 87' lang='lat' dir='ltr'>et</span> <span class='ocrx_word' id='word_1_31' title='bbox 701 555 937 605; x_wconf 80' lang='lat' dir='ltr'>Genesim</span> <span class='ocrx_word' id='word_1_32' title='bbox 976 556 1023 604; x_wconf 88' lang='lat' dir='ltr'>in</span> <span class='ocrx_word' id='word_1_33' title='bbox 1063 556 1310 605; x_wconf 79' lang='lat' dir='ltr'>Hebraico</span> <span class='ocrx_word' id='word_1_34' title='bbox 1349 556 1421 605; x_wconf 87' lang='lat' dir='ltr'>ita</span> <span class='ocrx_word' id='word_1_35' title='bbox 1457 556 1700 620; x_wconf 80' lang='lat' dir='ltr'>incipere:</span> <span class='ocrx_word' id='word_1_36' title='bbox 1747 556 1805 605; x_wconf 92' lang='lat' dir='ltr'>in</span> <span class='ocrx_word' id='word_1_37' title='bbox 1843 557 2005 621; x_wconf 90' lang='lat' dir='ltr'>prin-</span> 
     </span>
     <span class='ocr_line' id='line_1_9' title="bbox 197 640 2003 704; baseline 0.001 -15"><span class='ocrx_word' id='word_1_38' title='bbox 197 641 365 704; x_wconf 89' lang='lat' dir='ltr'>cipio</span> <span class='ocrx_word' id='word_1_39' title='bbox 413 640 565 691; x_wconf 91' lang='lat' dir='ltr'>deus</span> <span class='ocrx_word' id='word_1_40' title='bbox 620 642 782 690; x_wconf 86' lang='lat' dir='ltr'>fecit</span> <span class='ocrx_word' id='word_1_41' title='bbox 834 641 958 690; x_wconf 89' lang='lat' dir='ltr'>sibi</span> <span class='ocrx_word' id='word_1_42' title='bbox 1010 642 1242 691; x_wconf 87' lang='lat' dir='ltr'>filium.</span> <span class='ocrx_word' id='word_1_43' title='bbox 1294 641 1389 691; x_wconf 93' lang='lat' dir='ltr'>hoc</span> <span class='ocrx_word' id='word_1_44' title='bbox 1433 645 1489 691; x_wconf 86' lang='lat' dir='ltr'>ut</span> <span class='ocrx_word' id='word_1_45' title='bbox 1533 642 1728 691; x_wconf 87' lang='lat' dir='ltr'>firmum</span> <span class='ocrx_word' id='word_1_46' title='bbox 1777 657 1874 691; x_wconf 92' lang='lat' dir='ltr'>non</span> <span class='ocrx_word' id='word_1_47' title='bbox 1921 642 2003 702; x_wconf 86' lang='lat' dir='ltr'>sit,</span> 
     </span>
     <span class='ocr_line' id='line_1_10' title="bbox 196 715 2008 792; baseline 0 -16"><span class='ocrx_word' id='word_1_48' title='bbox 196 726 291 776; x_wconf 81' lang='lat' dir='ltr'>alia</span> <span class='ocrx_word' id='word_1_49' title='bbox 336 742 414 775; x_wconf 92' lang='lat' dir='ltr'>me</span> <span class='ocrx_word' id='word_1_50' title='bbox 460 715 753 792; x_wconf 86' lang='lat' dir='ltr'>argumenta</span> <span class='ocrx_word' id='word_1_51' title='bbox 800 726 1051 776; x_wconf 86' lang='lat' dir='ltr'>deducunt</span> <span class='ocrx_word' id='word_1_52' title='bbox 1103 727 1161 776; x_wconf 87' lang='lat' dir='ltr'>de</span> <span class='ocrx_word' id='word_1_53' title='bbox 1212 727 1322 790; x_wconf 88' lang='lat' dir='ltr'>ipsa</span> <span class='ocrx_word' id='word_1_54' title='bbox 1374 726 1453 776; x_wconf 86' lang='lat' dir='ltr'>dei</span> <span class='ocrx_word' id='word_1_55' title='bbox 1506 726 1851 790; x_wconf 81' lang='lat' dir='ltr'>dispositione,</span> <span class='ocrx_word' id='word_1_56' title='bbox 1909 743 2008 791; x_wconf 84' lang='lat' dir='ltr'>qua</span> 
     </span>
     <span class='ocr_line' id='line_1_11' title="bbox 192 811 2001 876; baseline 0 -15"><span class='ocrx_word' id='word_1_57' title='bbox 192 812 291 861; x_wconf 82' lang='lat' dir='ltr'>fuit</span> <span class='ocrx_word' id='word_1_58' title='bbox 329 814 441 862; x_wconf 84' lang='lat' dir='ltr'>ante</span> <span class='ocrx_word' id='word_1_59' title='bbox 486 811 660 860; x_wconf 89' lang='lat' dir='ltr'>mundi</span> <span class='ocrx_word' id='word_1_60' title='bbox 707 812 1119 861; x_wconf 87' lang='lat' dir='ltr'>constitutionem</span> <span class='ocrx_word' id='word_1_61' title='bbox 1167 811 1223 861; x_wconf 88' lang='lat' dir='ltr'>ad</span> <span class='ocrx_word' id='word_1_62' title='bbox 1271 827 1431 874; x_wconf 85' lang='lat' dir='ltr'>usque</span> <span class='ocrx_word' id='word_1_63' title='bbox 1478 811 1570 860; x_wconf 91' lang='lat' dir='ltr'>filii</span> <span class='ocrx_word' id='word_1_64' title='bbox 1616 813 2001 876; x_wconf 80' lang='lat' dir='ltr'>generationem.</span> 
     </span>
     <span class='ocr_line' id='line_1_12' title="bbox 194 896 2007 960; baseline 0 -14"><span class='ocrx_word' id='word_1_65' title='bbox 194 901 305 946; x_wconf 86' lang='lat' dir='ltr'>ante</span> <span class='ocrx_word' id='word_1_66' title='bbox 354 896 519 946; x_wconf 89' lang='lat' dir='ltr'>omnia</span> <span class='ocrx_word' id='word_1_67' title='bbox 565 896 694 945; x_wconf 86' lang='lat' dir='ltr'>enim</span> <span class='ocrx_word' id='word_1_68' title='bbox 743 897 862 947; x_wconf 84' lang='lat' dir='ltr'>deus</span> <span class='ocrx_word' id='word_1_69' title='bbox 912 900 1015 946; x_wconf 83' lang='lat' dir='ltr'>erat</span> <span class='ocrx_word' id='word_1_70' title='bbox 1061 898 1216 956; x_wconf 87' lang='lat' dir='ltr'>solus,</span> <span class='ocrx_word' id='word_1_71' title='bbox 1269 897 1378 960; x_wconf 87' lang='lat' dir='ltr'>ipse</span> <span class='ocrx_word' id='word_1_72' title='bbox 1435 896 1531 947; x_wconf 86' lang='lat' dir='ltr'>sibi</span> <span class='ocrx_word' id='word_1_73' title='bbox 1585 899 1634 946; x_wconf 88' lang='lat' dir='ltr'>et</span> <span class='ocrx_word' id='word_1_74' title='bbox 1685 897 1902 948; x_wconf 90' lang='lat' dir='ltr'>mundus</span> <span class='ocrx_word' id='word_1_75' title='bbox 1956 900 2007 947; x_wconf 83' lang='lat' dir='ltr'>et</span> 
     </span>
     <span class='ocr_line' id='line_1_13' title="bbox 191 982 2004 1046; baseline 0.001 -15"><span class='ocrx_word' id='word_1_76' title='bbox 191 983 333 1032; x_wconf 88' lang='lat' dir='ltr'>locus</span> <span class='ocrx_word' id='word_1_77' title='bbox 389 984 438 1031; x_wconf 88' lang='lat' dir='ltr'>et</span> <span class='ocrx_word' id='word_1_78' title='bbox 492 982 671 1043; x_wconf 88' lang='lat' dir='ltr'>omnia,</span> <span class='ocrx_word' id='word_1_79' title='bbox 735 983 873 1032; x_wconf 88' lang='lat' dir='ltr'>solus</span> <span class='ocrx_word' id='word_1_80' title='bbox 928 986 1111 1043; x_wconf 87' lang='lat' dir='ltr'>autem,</span> <span class='ocrx_word' id='word_1_81' title='bbox 1166 983 1282 1046; x_wconf 87' lang='lat' dir='ltr'>quia</span> <span class='ocrx_word' id='word_1_82' title='bbox 1330 982 1455 1032; x_wconf 88' lang='lat' dir='ltr'>nihil</span> <span class='ocrx_word' id='word_1_83' title='bbox 1508 982 1643 1032; x_wconf 88' lang='lat' dir='ltr'>aliud</span> <span class='ocrx_word' id='word_1_84' title='bbox 1698 983 2004 1033; x_wconf 84' lang='lat' dir='ltr'>extrinsecus</span> 
     </span>
     <span class='ocr_line' id='line_1_14' title="bbox 191 1067 2003 1131; baseline 0 -15"><span class='ocrx_word' id='word_1_85' title='bbox 191 1070 388 1131; x_wconf 88' lang='lat' dir='ltr'>praeter</span> <span class='ocrx_word' id='word_1_86' title='bbox 421 1067 582 1117; x_wconf 88' lang='lat' dir='ltr'>illum.</span> <span class='ocrx_word' id='word_1_87' title='bbox 622 1070 843 1117; x_wconf 89' lang='lat' dir='ltr'>ceterum</span> <span class='ocrx_word' id='word_1_88' title='bbox 882 1083 941 1117; x_wconf 91' lang='lat' dir='ltr'>ne</span> <span class='ocrx_word' id='word_1_89' title='bbox 986 1069 1106 1117; x_wconf 86' lang='lat' dir='ltr'>tunc</span> <span class='ocrx_word' id='word_1_90' title='bbox 1153 1067 1353 1131; x_wconf 86' lang='lat' dir='ltr'>quidem</span> <span class='ocrx_word' id='word_1_91' title='bbox 1402 1068 1563 1127; x_wconf 79' lang='lat' dir='ltr'>solus3</span> <span class='ocrx_word' id='word_1_92' title='bbox 1611 1067 1828 1117; x_wconf 86' lang='lat' dir='ltr'>habebat</span> <span class='ocrx_word' id='word_1_93' title='bbox 1872 1068 2003 1117; x_wconf 87' lang='lat' dir='ltr'>enim</span> 
     </span>
     <span class='ocr_line' id='line_1_15' title="bbox 193 1153 2003 1218; baseline 0.002 -16"><span class='ocrx_word' id='word_1_94' title='bbox 193 1167 364 1202; x_wconf 88' lang='lat' dir='ltr'>secum</span> <span class='ocrx_word' id='word_1_95' title='bbox 409 1168 556 1216; x_wconf 83' lang='lat' dir='ltr'>quarn</span> <span class='ocrx_word' id='word_1_96' title='bbox 602 1153 820 1203; x_wconf 88' lang='lat' dir='ltr'>habebat</span> <span class='ocrx_word' id='word_1_97' title='bbox 862 1153 911 1201; x_wconf 90' lang='lat' dir='ltr'>in</span> <span class='ocrx_word' id='word_1_98' title='bbox 960 1153 1250 1218; x_wconf 76' lang='lat' dir='ltr'>semetipse,</span> <span class='ocrx_word' id='word_1_99' title='bbox 1300 1155 1545 1204; x_wconf 87' lang='lat' dir='ltr'>rationem</span> <span class='ocrx_word' id='word_1_100' title='bbox 1595 1168 1737 1203; x_wconf 88' lang='lat' dir='ltr'>suam</span> <span class='ocrx_word' id='word_1_101' title='bbox 1791 1154 2003 1205; x_wconf 84' lang='lat' dir='ltr'>scilicet.</span> 
     </span>
     <span class='ocr_line' id='line_1_16' title="bbox 190 1230 2004 1304; baseline 0.001 -18"><span class='ocrx_word' id='word_1_102' title='bbox 190 1238 446 1288; x_wconf 84' lang='lat' dir='ltr'>rationalis</span> <span class='ocrx_word' id='word_1_103' title='bbox 485 1240 614 1289; x_wconf 87' lang='lat' dir='ltr'>enim</span> <span class='ocrx_word' id='word_1_104' title='bbox 640 1239 793 1299; x_wconf 84' lang='lat' dir='ltr'>deus,</span> <span class='ocrx_word' id='word_1_105' title='bbox 836 1243 884 1289; x_wconf 90' lang='lat' dir='ltr'>et</span> <span class='ocrx_word' id='word_1_106' title='bbox 915 1241 947 1304; x_wconf 56' lang='grc'>1-</span> <span class='ocrx_word' id='word_1_107' title='bbox 977 1240 1102 1290; x_wconf 85' lang='lat' dir='ltr'>ratio</span> <span class='ocrx_word' id='word_1_108' title='bbox 1135 1241 1183 1290; x_wconf 89' lang='lat' dir='ltr'>in</span> <span class='ocrx_word' id='word_1_109' title='bbox 1215 1241 1383 1304; x_wconf 86' lang='lat' dir='ltr'>ipsum</span> <span class='ocrx_word' id='word_1_110' title='bbox 1422 1240 1561 1304; x_wconf 86' lang='lat' dir='ltr'>prius</span> <span class='ocrx_word' id='word_1_111' title='bbox 1601 1242 1650 1289; x_wconf 90' lang='lat' dir='ltr'>et</span> <span class='ocrx_word' id='word_1_112' title='bbox 1685 1240 1756 1289; x_wconf 85' lang='lat' dir='ltr'>ita</span> <span class='ocrx_word' id='word_1_113' title='bbox 1795 1230 1854 1288; x_wconf 86' lang='lat' dir='ltr'>ab</span> <span class='ocrx_word' id='word_1_114' title='bbox 1892 1240 2004 1302; x_wconf 88' lang='lat' dir='ltr'>ipso</span> 
     </span>
     <span class='ocr_line' id='line_1_17' title="bbox 192 1323 2004 1389; baseline -0.002 -16"><span class='ocrx_word' id='word_1_115' title='bbox 192 1325 370 1374; x_wconf 87' lang='lat' dir='ltr'>omnia.</span> <span class='ocrx_word' id='word_1_116' title='bbox 441 1340 564 1389; x_wconf 88' lang='lat' dir='ltr'>quae</span> <span class='ocrx_word' id='word_1_117' title='bbox 630 1325 756 1374; x_wconf 91' lang='lat' dir='ltr'>ratio</span> <span class='ocrx_word' id='word_1_118' title='bbox 826 1341 1001 1375; x_wconf 87' lang='lat' dir='ltr'>sensus</span> <span class='ocrx_word' id='word_1_119' title='bbox 1067 1325 1227 1389; x_wconf 88' lang='lat' dir='ltr'>ipsius</span> <span class='ocrx_word' id='word_1_120' title='bbox 1292 1328 1383 1385; x_wconf 88' lang='lat' dir='ltr'>est,</span> <span class='ocrx_word' id='word_1_121' title='bbox 1453 1325 1577 1375; x_wconf 89' lang='lat' dir='ltr'>hanc</span> <span class='ocrx_word' id='word_1_122' title='bbox 1631 1323 1809 1374; x_wconf 82' lang='lat' dir='ltr'>Graeci</span> <span class='ocrx_word' id='word_1_123' title='bbox 1860 1324 2004 1385; x_wconf 80' lang='grc' dir='ltr'>λόγον</span> 
     </span>
     <span class='ocr_line' id='line_1_18' title="bbox 192 1403 2005 1475; baseline 0.001 -19"><span class='ocrx_word' id='word_1_124' title='bbox 192 1410 377 1469; x_wconf 80' lang='lat' dir='ltr'>dicunt,</span> <span class='ocrx_word' id='word_1_125' title='bbox 426 1425 522 1473; x_wconf 87' lang='lat' dir='ltr'>quo</span> <span class='ocrx_word' id='word_1_126' title='bbox 569 1410 816 1460; x_wconf 85' lang='lat' dir='ltr'>uocabulo</span> <span class='ocrx_word' id='word_1_127' title='bbox 872 1412 1021 1460; x_wconf 88' lang='lat' dir='ltr'>etiam</span> <span class='ocrx_word' id='word_1_128' title='bbox 1078 1426 1356 1460; x_wconf 87' lang='lat' dir='ltr'>sermonem</span> <span class='ocrx_word' id='word_1_129' title='bbox 1410 1410 1740 1475; x_wconf 76' lang='lat' dir='ltr'>appellamUS,</span> <span class='ocrx_word' id='word_1_130' title='bbox 1792 1403 2005 1472; x_wconf 87' lang='lat' dir='ltr'>ideoque</span> 
     </span>
     <span class='ocr_line' id='line_1_19' title="bbox 188 1494 2005 1560; baseline -0.002 -15"><span class='ocrx_word' id='word_1_131' title='bbox 188 1497 287 1545; x_wconf 89' lang='lat' dir='ltr'>iam</span> <span class='ocrx_word' id='word_1_132' title='bbox 333 1496 383 1545; x_wconf 90' lang='lat' dir='ltr'>in</span> <span class='ocrx_word' id='word_1_133' title='bbox 427 1511 523 1546; x_wconf 88' lang='lat' dir='ltr'>usu</span> <span class='ocrx_word' id='word_1_134' title='bbox 571 1498 648 1546; x_wconf 86' lang='lat' dir='ltr'>est</span> <span class='ocrx_word' id='word_1_135' title='bbox 693 1497 978 1546; x_wconf 86' lang='lat' dir='ltr'>nostrorum</span> <span class='ocrx_word' id='word_1_136' title='bbox 1024 1511 1109 1560; x_wconf 86' lang='lat' dir='ltr'>per</span> <span class='ocrx_word' id='word_1_137' title='bbox 1156 1496 1533 1560; x_wconf 86' lang='lat' dir='ltr'>simplicitatem</span> <span class='ocrx_word' id='word_1_138' title='bbox 1578 1494 2005 1558; x_wconf 84' lang='lat' dir='ltr'>interpretationis</span> 
     </span>
     <span class='ocr_line' id='line_1_20' title="bbox 191 1580 2005 1646; baseline -0.002 -16"><span class='ocrx_word' id='word_1_139' title='bbox 191 1596 470 1630; x_wconf 85' lang='lat' dir='ltr'>sermonem</span> <span class='ocrx_word' id='word_1_140' title='bbox 510 1581 671 1631; x_wconf 85' lang='lat' dir='ltr'>dicere</span> <span class='ocrx_word' id='word_1_141' title='bbox 708 1582 757 1631; x_wconf 91' lang='lat' dir='ltr'>in</span> <span class='ocrx_word' id='word_1_142' title='bbox 794 1582 1065 1646; x_wconf 88' lang='lat' dir='ltr'>primordio</span> <span class='ocrx_word' id='word_1_143' title='bbox 1107 1582 1239 1646; x_wconf 86' lang='lat' dir='ltr'>apud</span> <span class='ocrx_word' id='word_1_144' title='bbox 1279 1582 1428 1631; x_wconf 88' lang='lat' dir='ltr'>deum</span> <span class='ocrx_word' id='word_1_145' title='bbox 1467 1581 1640 1638; x_wconf 84' lang='lat' dir='ltr'>fuisse,</span> <span class='ocrx_word' id='word_1_146' title='bbox 1689 1597 1803 1630; x_wconf 89' lang='lat' dir='ltr'>cum</span> <span class='ocrx_word' id='word_1_147' title='bbox 1840 1580 2005 1645; x_wconf 88' lang='lat' dir='ltr'>magis</span> 
     </span>
     <span class='ocr_line' id='line_1_21' title="bbox 188 1665 2005 1735; baseline -0.001 -20"><span class='ocrx_word' id='word_1_148' title='bbox 188 1667 428 1717; x_wconf 84' lang='lat' dir='ltr'>rationem</span> <span class='ocrx_word' id='word_1_149' title='bbox 469 1670 736 1732; x_wconf 78' lang='lat' dir='ltr'>competat,</span> <span class='ocrx_word' id='word_1_150' title='bbox 785 1665 1135 1735; x_wconf 83' lang='lat' dir='ltr'>[antiquiorem</span> <span class='ocrx_word' id='word_1_151' title='bbox 1181 1665 1369 1735; x_wconf 79' lang='lat' dir='ltr'>haberi]</span> <span class='ocrx_word' id='word_1_152' title='bbox 1414 1667 1530 1731; x_wconf 88' lang='lat' dir='ltr'>quia</span> <span class='ocrx_word' id='word_1_153' title='bbox 1567 1682 1662 1716; x_wconf 91' lang='lat' dir='ltr'>non</span> <span class='ocrx_word' id='word_1_154' title='bbox 1710 1665 2005 1716; x_wconf 79' lang='lat' dir='ltr'>sermonalis</span> 
     </span>
     <span class='ocr_line' id='line_1_22' title="bbox 189 1749 2005 1820; baseline -0.001 -19"><span class='ocrx_word' id='word_1_155' title='bbox 189 1768 215 1801; x_wconf 93' lang='lat' dir='ltr'>a</span> <span class='ocrx_word' id='word_1_156' title='bbox 253 1753 495 1818; x_wconf 87' lang='lat' dir='ltr'>principio</span> <span class='ocrx_word' id='word_1_157' title='bbox 538 1753 603 1802; x_wconf 88' lang='lat' dir='ltr'>sit</span> <span class='ocrx_word' id='word_1_158' title='bbox 640 1753 898 1802; x_wconf 84' lang='lat' dir='ltr'>rationalis</span> <span class='ocrx_word' id='word_1_159' title='bbox 938 1753 1059 1803; x_wconf 89' lang='lat' dir='ltr'>deus</span> <span class='ocrx_word' id='word_1_160' title='bbox 1094 1751 1265 1820; x_wconf 82' lang='lat' dir='ltr'>[etiam</span> <span class='ocrx_word' id='word_1_161' title='bbox 1298 1757 1408 1802; x_wconf 89' lang='lat' dir='ltr'>ante</span> <span class='ocrx_word' id='word_1_162' title='bbox 1441 1749 1760 1818; x_wconf 69' lang='lat' dir='ltr'>principium]</span> <span class='ocrx_word' id='word_1_163' title='bbox 1802 1754 1851 1801; x_wconf 90' lang='lat' dir='ltr'>et</span> <span class='ocrx_word' id='word_1_164' title='bbox 1889 1751 2005 1815; x_wconf 87' lang='lat' dir='ltr'>quia</span> 
     </span>
     <span class='ocr_line' id='line_1_23' title="bbox 186 1837 2004 1902; baseline -0.001 -16"><span class='ocrx_word' id='word_1_165' title='bbox 186 1838 293 1902; x_wconf 87' lang='lat' dir='ltr'>ipse</span> <span class='ocrx_word' id='word_1_166' title='bbox 333 1853 530 1902; x_wconf 89' lang='lat' dir='ltr'>quoque</span> <span class='ocrx_word' id='word_1_167' title='bbox 562 1853 721 1887; x_wconf 89' lang='lat' dir='ltr'>sermo</span> <span class='ocrx_word' id='word_1_168' title='bbox 752 1838 943 1888; x_wconf 87' lang='lat' dir='ltr'>ratione</span> <span class='ocrx_word' id='word_1_169' title='bbox 984 1838 1263 1888; x_wconf 85' lang='lat' dir='ltr'>consistens</span> <span class='ocrx_word' id='word_1_170' title='bbox 1294 1838 1512 1901; x_wconf 88' lang='lat' dir='ltr'>priorem</span> <span class='ocrx_word' id='word_1_171' title='bbox 1545 1853 1652 1887; x_wconf 88' lang='lat' dir='ltr'>eam</span> <span class='ocrx_word' id='word_1_172' title='bbox 1688 1840 1742 1886; x_wconf 87' lang='lat' dir='ltr'>ut</span> <span class='ocrx_word' id='word_1_173' title='bbox 1773 1837 2004 1886; x_wconf 87' lang='lat' dir='ltr'>substan—</span> 
     </span>
     <span class='ocr_line' id='line_1_24' title="bbox 187 1921 2003 1975; baseline -0.001 -4"><span class='ocrx_word' id='word_1_174' title='bbox 187 1925 309 1973; x_wconf 87' lang='lat' dir='ltr'>tiam</span> <span class='ocrx_word' id='word_1_175' title='bbox 342 1939 483 1973; x_wconf 85' lang='lat' dir='ltr'>suam</span> <span class='ocrx_word' id='word_1_176' title='bbox 518 1924 759 1975; x_wconf 84' lang='lat' dir='ltr'>ostendat.</span> <span class='ocrx_word' id='word_1_177' title='bbox 798 1928 963 1974; x_wconf 89' lang='lat' dir='ltr'>tamen</span> <span class='ocrx_word' id='word_1_178' title='bbox 999 1927 1048 1973; x_wconf 85' lang='lat' dir='ltr'>et</span> <span class='ocrx_word' id='word_1_179' title='bbox 1080 1924 1150 1974; x_wconf 91' lang='lat' dir='ltr'>sic</span> <span class='ocrx_word' id='word_1_180' title='bbox 1182 1924 1307 1973; x_wconf 86' lang='lat' dir='ltr'>nihil</span> <span class='ocrx_word' id='word_1_181' title='bbox 1337 1924 1557 1973; x_wconf 88' lang='lat' dir='ltr'>interest.</span> <span class='ocrx_word' id='word_1_182' title='bbox 1598 1939 1711 1972; x_wconf 91' lang='lat' dir='ltr'>nam</span> <span class='ocrx_word' id='word_1_183' title='bbox 1752 1922 1848 1972; x_wconf 85' lang='lat' dir='ltr'>etsi</span> <span class='ocrx_word' id='word_1_184' title='bbox 1881 1921 2003 1970; x_wconf 88' lang='lat' dir='ltr'>deus</span> 
     </span>
     <span class='ocr_line' id='line_1_25' title="bbox 186 2008 2007 2074; baseline -0.002 -15"><span class='ocrx_word' id='word_1_185' title='bbox 186 2009 404 2059; x_wconf 84' lang='lat' dir='ltr'>nondum</span> <span class='ocrx_word' id='word_1_186' title='bbox 444 2025 721 2060; x_wconf 88' lang='lat' dir='ltr'>sermonem</span> <span class='ocrx_word' id='word_1_187' title='bbox 772 2026 919 2066; x_wconf 87' lang='lat' dir='ltr'>suum</span> <span class='ocrx_word' id='word_1_188' title='bbox 961 2011 1182 2068; x_wconf 82' lang='lat' dir='ltr'>miserat,</span> <span class='ocrx_word' id='word_1_189' title='bbox 1228 2008 1435 2074; x_wconf 85' lang='lat' dir='ltr'>proinde</span> <span class='ocrx_word' id='word_1_190' title='bbox 1483 2024 1598 2058; x_wconf 80' lang='lat' dir='ltr'>euni</span> <span class='ocrx_word' id='word_1_191' title='bbox 1645 2024 1758 2058; x_wconf 89' lang='lat' dir='ltr'>cum</span> <span class='ocrx_word' id='word_1_192' title='bbox 1804 2008 1916 2072; x_wconf 83' lang='lat' dir='ltr'>ipsa</span> <span class='ocrx_word' id='word_1_193' title='bbox 1956 2009 2007 2056; x_wconf 88' lang='lat' dir='ltr'>et</span> 
     </span>
     <span class='ocr_line' id='line_1_26' title="bbox 184 2093 1999 2159; baseline -0.001 -15"><span class='ocrx_word' id='word_1_194' title='bbox 184 2096 231 2145; x_wconf 90' lang='lat' dir='ltr'>in</span> <span class='ocrx_word' id='word_1_195' title='bbox 275 2095 391 2159; x_wconf 27' lang='lat' dir='ltr'>&#39;ipsa</span> <span class='ocrx_word' id='word_1_196' title='bbox 433 2095 625 2148; x_wconf 87' lang='lat' dir='ltr'>ratione</span> <span class='ocrx_word' id='word_1_197' title='bbox 677 2096 806 2145; x_wconf 86' lang='lat' dir='ltr'>intra</span> <span class='ocrx_word' id='word_1_198' title='bbox 858 2096 1185 2159; x_wconf 86' lang='lat' dir='ltr'>semetipsum</span> <span class='ocrx_word' id='word_1_199' title='bbox 1241 2095 1472 2154; x_wconf 85' lang='lat' dir='ltr'>habebat,</span> <span class='ocrx_word' id='word_1_200' title='bbox 1527 2094 1678 2143; x_wconf 83' lang='lat' dir='ltr'>tacite</span> <span class='ocrx_word' id='word_1_201' title='bbox 1734 2093 1999 2158; x_wconf 88' lang='lat' dir='ltr'>cogitando</span> 
     </span>
     <span class='ocr_line' id='line_1_27' title="bbox 186 2180 2004 2246; baseline -0.001 -16"><span class='ocrx_word' id='word_1_202' title='bbox 186 2183 235 2230; x_wconf 89' lang='lat' dir='ltr'>et</span> <span class='ocrx_word' id='word_1_203' title='bbox 260 2180 564 2245; x_wconf 86' lang='lat' dir='ltr'>disponendo</span> <span class='ocrx_word' id='word_1_204' title='bbox 587 2196 761 2231; x_wconf 41' lang='lat' dir='ltr'>&#39;secum</span> <span class='ocrx_word' id='word_1_205' title='bbox 788 2196 913 2246; x_wconf 88' lang='lat' dir='ltr'>quae</span> <span class='ocrx_word' id='word_1_206' title='bbox 938 2197 1024 2246; x_wconf 88' lang='lat' dir='ltr'>per</span> <span class='ocrx_word' id='word_1_207' title='bbox 1050 2196 1327 2230; x_wconf 88' lang='lat' dir='ltr'>sermonem</span> <span class='ocrx_word' id='word_1_208' title='bbox 1354 2195 1467 2230; x_wconf 82' lang='lat' dir='ltr'>mox</span> <span class='ocrx_word' id='word_1_209' title='bbox 1493 2183 1596 2231; x_wconf 89' lang='lat' dir='ltr'>erat</span> <span class='ocrx_word' id='word_1_210' title='bbox 1622 2180 1862 2229; x_wconf 74' lang='lat' dir='ltr'>dicturus</span> <span class='ocrx_word' id='word_1_211' title='bbox 1890 2194 2004 2228; x_wconf 89' lang='lat' dir='ltr'>cum</span> 
     </span>
     <span class='ocr_line' id='line_1_28' title="bbox 184 2265 2004 2332; baseline -0.001 -17"><span class='ocrx_word' id='word_1_212' title='bbox 184 2266 374 2315; x_wconf 87' lang='lat' dir='ltr'>ratione</span> <span class='ocrx_word' id='word_1_213' title='bbox 401 2267 531 2316; x_wconf 89' lang='lat' dir='ltr'>enim</span> <span class='ocrx_word' id='word_1_214' title='bbox 558 2282 648 2316; x_wconf 88' lang='lat' dir='ltr'>sua</span> <span class='ocrx_word' id='word_1_215' title='bbox 673 2266 897 2332; x_wconf 83' lang='lat' dir='ltr'>cogitans</span> <span class='ocrx_word' id='word_1_216' title='bbox 924 2269 1073 2329; x_wconf 87' lang='lat' dir='ltr'>atque</span> <span class='ocrx_word' id='word_1_217' title='bbox 1099 2265 1367 2329; x_wconf 87' lang='lat' dir='ltr'>disponens</span> <span class='ocrx_word' id='word_1_218' title='bbox 1398 2265 1694 2330; x_wconf 86' lang='lat' dir='ltr'>&lt;sermone,&gt;</span> <span class='ocrx_word' id='word_1_219' title='bbox 1726 2280 2004 2314; x_wconf 89' lang='lat' dir='ltr'>sermonem</span> 
     </span>
     <span class='ocr_line' id='line_1_29' title="bbox 187 2349 2005 2415; baseline -0.002 -14"><span class='ocrx_word' id='word_1_220' title='bbox 187 2366 294 2401; x_wconf 89' lang='lat' dir='ltr'>eam</span> <span class='ocrx_word' id='word_1_221' title='bbox 335 2351 598 2412; x_wconf 88' lang='lat' dir='ltr'>efficiebat,</span> <span class='ocrx_word' id='word_1_222' title='bbox 641 2367 788 2415; x_wconf 89' lang='lat' dir='ltr'>quam</span> <span class='ocrx_word' id='word_1_223' title='bbox 829 2367 1053 2401; x_wconf 89' lang='lat' dir='ltr'>sermone</span> <span class='ocrx_word' id='word_1_224' title='bbox 1093 2351 1355 2400; x_wconf 84' lang='lat' dir='ltr'>tractabat.</span> <span class='ocrx_word' id='word_1_225' title='bbox 1395 2351 1443 2399; x_wconf 85' lang='lat' dir='ltr'>id</span> <span class='ocrx_word' id='word_1_226' title='bbox 1487 2366 1583 2414; x_wconf 87' lang='lat' dir='ltr'>quo</span> <span class='ocrx_word' id='word_1_227' title='bbox 1624 2349 1823 2400; x_wconf 84' lang='lat' dir='ltr'>facilius</span> <span class='ocrx_word' id='word_1_228' title='bbox 1863 2350 2005 2399; x_wconf 86' lang='lat' dir='ltr'>intel-</span> 
     </span>
     <span class='ocr_line' id='line_1_30' title="bbox 188 2435 2005 2503; baseline -0.002 -17"><span class='ocrx_word' id='word_1_229' title='bbox 188 2437 343 2502; x_wconf 80' lang='lat' dir='ltr'>legas,</span> <span class='ocrx_word' id='word_1_230' title='bbox 386 2453 440 2487; x_wconf 83' lang='lat' dir='ltr'>ex</span> <span class='ocrx_word' id='word_1_231' title='bbox 478 2441 527 2487; x_wconf 89' lang='lat' dir='ltr'>te</span> <span class='ocrx_word' id='word_1_232' title='bbox 566 2438 693 2502; x_wconf 67' lang='grc'>1980,</span> <span class='ocrx_word' id='word_1_233' title='bbox 734 2452 862 2499; x_wconf 85' lang='lat' dir='ltr'>amc,</span> <span class='ocrx_word' id='word_1_234' title='bbox 901 2446 1202 2503; x_wconf 77' lang='lat' dir='ltr'>recognosce</span> <span class='ocrx_word' id='word_1_235' title='bbox 1234 2438 1292 2493; x_wconf 78' lang='lat' dir='ltr'>ut</span> <span class='ocrx_word' id='word_1_236' title='bbox 1330 2452 1386 2485; x_wconf 81' lang='lat' dir='ltr'>ex</span> <span class='ocrx_word' id='word_1_237' title='bbox 1423 2436 1641 2501; x_wconf 83' lang='lat' dir='ltr'>imagine</span> <span class='ocrx_word' id='word_1_238' title='bbox 1682 2438 1732 2484; x_wconf 89' lang='lat' dir='ltr'>et</span> <span class='ocrx_word' id='word_1_239' title='bbox 1770 2435 2005 2499; x_wconf 78' lang='lat' dir='ltr'>similitu-</span> 
     </span>
    </p>
   </div>
   <div class='ocr_carea' id='block_1_7' title="bbox 330 2604 1301 2660">
    <p class='ocr_par' dir='ltr' id='par_1_7' title="bbox 330 2604 1301 2660">
     <span class='ocr_line' id='line_1_31' title="bbox 330 2604 1301 2660; baseline -0.001 -13"><span class='ocrx_word' id='word_1_240' title='bbox 330 2607 398 2660; x_wconf 82' lang='lat'>11]</span> <span class='ocrx_word' id='word_1_241' title='bbox 433 2606 483 2648; x_wconf 88' lang='lat' dir='ltr'>cf.</span> <span class='ocrx_word' id='word_1_242' title='bbox 516 2606 606 2648; x_wconf 89' lang='lat' dir='ltr'>Ioh.</span> <span class='ocrx_word' id='word_1_243' title='bbox 642 2608 677 2655; x_wconf 89' lang='lat'>1,</span> <span class='ocrx_word' id='word_1_244' title='bbox 710 2607 749 2648; x_wconf 84' lang='lat'>3.</span> <span class='ocrx_word' id='word_1_245' title='bbox 836 2607 907 2660; x_wconf 80' lang='lat'>25]</span> <span class='ocrx_word' id='word_1_246' title='bbox 942 2605 992 2647; x_wconf 82' lang='lat' dir='ltr'>cf.</span> <span class='ocrx_word' id='word_1_247' title='bbox 1026 2604 1129 2648; x_wconf 87' lang='lat' dir='ltr'>Gen.</span> <span class='ocrx_word' id='word_1_248' title='bbox 1165 2606 1201 2659; x_wconf 86' lang='lat'>1,</span> <span class='ocrx_word' id='word_1_249' title='bbox 1234 2606 1301 2647; x_wconf 80' lang='lat'>26.</span> 
     </span>
    </p>
   </div>
   <div class='ocr_carea' id='block_1_8' title="bbox 187 2705 2013 3400">
    <p class='ocr_par' dir='ltr' id='par_1_8' title="bbox 187 2705 2013 3400">
     <span class='ocr_line' id='line_1_32' title="bbox 245 2705 2005 2760; baseline -0.002 -13"><span class='ocrx_word' id='word_1_250' title='bbox 245 2708 266 2746; x_wconf 83' lang='lat'>1</span> <span class='ocrx_word' id='word_1_251' title='bbox 306 2706 402 2759; x_wconf 81' lang='lat' dir='ltr'>ipsa</span> <span class='ocrx_word' id='word_1_252' title='bbox 436 2719 502 2747; x_wconf 90' lang='lat' dir='ltr'>res</span> <span class='ocrx_word' id='word_1_253' title='bbox 540 2706 583 2746; x_wconf 93' lang='lat' dir='ltr'><em>P</em></span> <span class='ocrx_word' id='word_1_254' title='bbox 616 2706 814 2758; x_wconf 75' lang='lat' dir='ltr'>(inuertit</span> <span class='ocrx_word' id='word_1_255' title='bbox 852 2706 1045 2747; x_wconf 72' lang='lat' dir='ltr'>ordinem</span> <span class='ocrx_word' id='word_1_256' title='bbox 1076 2706 1134 2757; x_wconf 82' lang='lat' dir='ltr'>R)</span> <span class='ocrx_word' id='word_1_257' title='bbox 1224 2707 1248 2747; x_wconf 84' lang='lat'>2</span> <span class='ocrx_word' id='word_1_258' title='bbox 1287 2706 1631 2760; x_wconf 87' lang='lat' dir='ltr'>patrocinantem</span> <span class='ocrx_word' id='word_1_259' title='bbox 1661 2705 1839 2758; x_wconf 80' lang='lat' dir='ltr'>scripsi:</span> <span class='ocrx_word' id='word_1_260' title='bbox 1862 2706 2005 2758; x_wconf 79' lang='lat' dir='ltr'>patro—</span> 
     </span>
     <span class='ocr_line' id='line_1_33' title="bbox 189 2776 2005 2831; baseline -0.001 -14"><span class='ocrx_word' id='word_1_261' title='bbox 189 2777 429 2818; x_wconf 83' lang='lat' dir='ltr'>cinantibus</span> <span class='ocrx_word' id='word_1_262' title='bbox 446 2777 542 2818; x_wconf 88' lang='lat' dir='ltr'>PM</span> <span class='ocrx_word' id='word_1_263' title='bbox 545 2778 589 2818; x_wconf 81' lang='lat' dir='ltr'><em>F</em></span> <span class='ocrx_word' id='word_1_264' title='bbox 658 2778 682 2818; x_wconf 89' lang='lat'><strong>3</strong></span> <span class='ocrx_word' id='word_1_265' title='bbox 709 2777 881 2831; x_wconf 87' lang='lat' dir='ltr'>quidam</span> <span class='ocrx_word' id='word_1_266' title='bbox 910 2777 1190 2819; x_wconf 62' lang='lat' dir='ltr'>ciacconius:</span> <span class='ocrx_word' id='word_1_267' title='bbox 1209 2777 1380 2831; x_wconf 83' lang='lat' dir='ltr'>quidem</span> <span class='ocrx_word' id='word_1_268' title='bbox 1398 2776 1541 2818; x_wconf 81' lang='lat' dir='ltr'>PMF</span> <span class='ocrx_word' id='word_1_269' title='bbox 1615 2779 1639 2819; x_wconf 88' lang='grc'>5</span> <span class='ocrx_word' id='word_1_270' title='bbox 1664 2779 1916 2829; x_wconf 83' lang='lat' dir='ltr'>argumenta</span> <span class='ocrx_word' id='word_1_271' title='bbox 1937 2788 2005 2816; x_wconf 89' lang='lat' dir='ltr'>me</span> 
     </span>
     <span class='ocr_line' id='line_1_34' title="bbox 187 2846 2006 2902; baseline -0.001 -13"><span class='ocrx_word' id='word_1_272' title='bbox 187 2848 234 2888; x_wconf 82' lang='lat' dir='ltr'><em>F</em></span> <span class='ocrx_word' id='word_1_273' title='bbox 315 2847 532 2890; x_wconf 85' lang='lat' dir='ltr'>deducunt</span> <span class='ocrx_word' id='word_1_274' title='bbox 556 2868 608 2883; x_wconf 70' lang='lat' dir='ltr'><strong><em>z</em></strong></span> <span class='ocrx_word' id='word_1_275' title='bbox 634 2848 798 2901; x_wconf 78' lang='lat' dir='ltr'>docent,</span> <span class='ocrx_word' id='word_1_276' title='bbox 822 2853 871 2890; x_wconf 79' lang='lat' dir='ltr'>ut</span> <span class='ocrx_word' id='word_1_277' title='bbox 895 2848 1101 2890; x_wconf 71' lang='lat' dir='ltr'>deductor</span> <span class='ocrx_word' id='word_1_278' title='bbox 1123 2851 1247 2902; x_wconf 78' lang='lat'>(229,</span> <span class='ocrx_word' id='word_1_279' title='bbox 1271 2852 1309 2898; x_wconf 85' lang='lat'>1)</span> <span class='ocrx_word' id='word_1_280' title='bbox 1336 2869 1388 2883; x_wconf 68' lang='grc' dir='ltr'>Ξ</span> <span class='ocrx_word' id='word_1_281' title='bbox 1414 2849 1562 2890; x_wconf 79' lang='lat' dir='ltr'>doctor</span> <span class='ocrx_word' id='word_1_282' title='bbox 1678 2846 1730 2890; x_wconf 88' lang='lat' dir='ltr'>de</span> <span class='ocrx_word' id='word_1_283' title='bbox 1753 2847 1929 2899; x_wconf 73' lang='lat' dir='ltr'>scripsi:</span> <span class='ocrx_word' id='word_1_284' title='bbox 1954 2846 2006 2887; x_wconf 90' lang='lat' dir='ltr'>ab</span> 
     </span>
     <span class='ocr_line' id='line_1_35' title="bbox 187 2905 2007 2972; baseline -0.001 -12"><span class='ocrx_word' id='word_1_285' title='bbox 187 2918 330 2961; x_wconf 84' lang='lat' dir='ltr'>PMF</span> <span class='ocrx_word' id='word_1_286' title='bbox 405 2919 430 2961; x_wconf 81' lang='lat'>8</span> <span class='ocrx_word' id='word_1_287' title='bbox 456 2919 572 2961; x_wconf 86' lang='lat' dir='ltr'>aliud</span> <span class='ocrx_word' id='word_1_288' title='bbox 596 2932 676 2961; x_wconf 83' lang='lat' dir='ltr'>om.</span> <span class='ocrx_word' id='word_1_289' title='bbox 701 2905 755 2960; x_wconf 81' lang='lat' dir='ltr'>P&#39;</span> <span class='ocrx_word' id='word_1_290' title='bbox 831 2920 882 2961; x_wconf 91' lang='grc'>10</span> <span class='ocrx_word' id='word_1_291' title='bbox 905 2921 1130 2972; x_wconf 80' lang='lat' dir='ltr'>rationem,</span> <span class='ocrx_word' id='word_1_292' title='bbox 1162 2934 1279 2961; x_wconf 83' lang='lat' dir='ltr'>suam</span> <span class='ocrx_word' id='word_1_293' title='bbox 1312 2920 1479 2961; x_wconf 87' lang='lat' dir='ltr'>scilicet</span> <span class='ocrx_word' id='word_1_294' title='bbox 1506 2919 1709 2962; x_wconf 77' lang='lat' dir='ltr'>oehlerus</span> <span class='ocrx_word' id='word_1_295' title='bbox 1790 2919 1839 2960; x_wconf 89' lang='lat'>11</span> <span class='ocrx_word' id='word_1_296' title='bbox 1866 2919 2007 2972; x_wconf 81' lang='lat' dir='ltr'>ipsum</span> 
     </span>
     <span class='ocr_line' id='line_1_36' title="bbox 189 2990 2008 3044; baseline -0.002 -12"><span class='ocrx_word' id='word_1_297' title='bbox 189 2990 285 3032; x_wconf 81' lang='lat' dir='ltr'>MP</span> <span class='ocrx_word' id='word_1_298' title='bbox 316 2994 440 3042; x_wconf 86' lang='lat' dir='ltr'>(corr.</span> <span class='ocrx_word' id='word_1_299' title='bbox 472 2999 496 3031; x_wconf 78' lang='lat' dir='ltr'>u</span> <span class='ocrx_word' id='word_1_300' title='bbox 519 2991 567 3031; x_wconf 75' lang='lat' dir='ltr'>in</span> <span class='ocrx_word' id='word_1_301' title='bbox 592 3004 614 3032; x_wconf 94' lang='grc'>0</span> <span class='ocrx_word' id='word_1_302' title='bbox 641 2991 711 3043; x_wconf 82' lang='lat' dir='ltr'>R),</span> <span class='ocrx_word' id='word_1_303' title='bbox 742 2991 836 3044; x_wconf 84' lang='lat' dir='ltr'>ipso</span> <span class='ocrx_word' id='word_1_304' title='bbox 867 2991 953 3032; x_wconf 80' lang='lat' dir='ltr'>FR</span> <span class='ocrx_word' id='word_1_305' title='bbox 969 2992 1101 3044; x_wconf 72' lang='lat' dir='ltr'><em>uulyo</em></span> <span class='ocrx_word' id='word_1_306' title='bbox 1190 2997 1234 3032; x_wconf 81' lang='lat' dir='ltr'>et</span> <span class='ocrx_word' id='word_1_307' title='bbox 1263 2991 1372 3032; x_wconf 87' lang='lat' dir='ltr'>ratio</span> <span class='ocrx_word' id='word_1_308' title='bbox 1403 2991 1448 3032; x_wconf 89' lang='lat' dir='ltr'>in</span> <span class='ocrx_word' id='word_1_309' title='bbox 1471 2992 1611 3043; x_wconf 85' lang='lat' dir='ltr'>ipsum</span> <span class='ocrx_word' id='word_1_310' title='bbox 1631 2991 1788 3044; x_wconf 76' lang='lat' dir='ltr'>(ipso)</span> <span class='ocrx_word' id='word_1_311' title='bbox 1817 2990 1931 3044; x_wconf 88' lang='lat' dir='ltr'>prius</span> <span class='ocrx_word' id='word_1_312' title='bbox 1965 2992 2008 3030; x_wconf 86' lang='lat' dir='ltr'>et</span> 
     </span>
     <span class='ocr_line' id='line_1_37' title="bbox 190 3059 2013 3117; baseline 0 -16"><span class='ocrx_word' id='word_1_313' title='bbox 190 3063 253 3102; x_wconf 87' lang='lat' dir='ltr'>ita</span> <span class='ocrx_word' id='word_1_314' title='bbox 291 3061 343 3102; x_wconf 92' lang='lat' dir='ltr'>ab</span> <span class='ocrx_word' id='word_1_315' title='bbox 382 3062 475 3116; x_wconf 85' lang='lat' dir='ltr'>ipso</span> <span class='ocrx_word' id='word_1_316' title='bbox 515 3061 621 3102; x_wconf 87' lang='lat' dir='ltr'>alia</span> <span class='ocrx_word' id='word_1_317' title='bbox 648 3063 760 3115; x_wconf 80' lang='lat' dir='ltr'>fort.</span> <span class='ocrx_word' id='word_1_318' title='bbox 867 3063 916 3103; x_wconf 80' lang='lat'>12</span> <span class='ocrx_word' id='word_1_319' title='bbox 950 3065 1027 3103; x_wconf 88' lang='lat' dir='ltr'>est.</span> <span class='ocrx_word' id='word_1_320' title='bbox 1059 3063 1168 3103; x_wconf 83' lang='lat' dir='ltr'>hanc</span> <span class='ocrx_word' id='word_1_321' title='bbox 1198 3063 1329 3117; x_wconf 71' lang='lat' dir='ltr'>uulyo</span> <span class='ocrx_word' id='word_1_322' title='bbox 1452 3060 1633 3104; x_wconf 83' lang='lat' dir='ltr'>AOPON</span> <span class='ocrx_word' id='word_1_323' title='bbox 1664 3062 1732 3110; x_wconf 89' lang='lat' dir='ltr'>M,</span> <span class='ocrx_word' id='word_1_324' title='bbox 1762 3061 1890 3114; x_wconf 87' lang='lat' dir='ltr'>logon</span> <span class='ocrx_word' id='word_1_325' title='bbox 1923 3059 2013 3101; x_wconf 85' lang='lat' dir='ltr'>PF</span> 
     </span>
     <span class='ocr_line' id='line_1_38' title="bbox 194 3131 2009 3187; baseline -0.001 -15"><span class='ocrx_word' id='word_1_326' title='bbox 194 3133 243 3172; x_wconf 89' lang='grc'>16</span> <span class='ocrx_word' id='word_1_327' title='bbox 263 3134 479 3186; x_wconf 87' lang='lat' dir='ltr'>competat</span> <span class='ocrx_word' id='word_1_328' title='bbox 494 3133 584 3174; x_wconf 80' lang='lat' dir='ltr'>scil.</span> <span class='ocrx_word' id='word_1_329' title='bbox 605 3132 743 3173; x_wconf 86' lang='lat' dir='ltr'>dicere</span> <span class='ocrx_word' id='word_1_330' title='bbox 760 3133 802 3173; x_wconf 90' lang='lat' dir='ltr'>in</span> <span class='ocrx_word' id='word_1_331' title='bbox 821 3133 1054 3187; x_wconf 89' lang='lat' dir='ltr'>primordio</span> <span class='ocrx_word' id='word_1_332' title='bbox 1072 3133 1185 3187; x_wconf 88' lang='lat' dir='ltr'>apud</span> <span class='ocrx_word' id='word_1_333' title='bbox 1204 3132 1328 3174; x_wconf 87' lang='lat' dir='ltr'>deum</span> <span class='ocrx_word' id='word_1_334' title='bbox 1344 3132 1478 3174; x_wconf 87' lang='lat' dir='ltr'>fuisse</span> <span class='ocrx_word' id='word_1_335' title='bbox 1496 3174 1498 3176; x_wconf 77' lang='grc'>,</span> <span class='ocrx_word' id='word_1_336' title='bbox 1559 3133 1842 3186; x_wconf 82' lang='lat' dir='ltr'>antiquiorem</span> <span class='ocrx_word' id='word_1_337' title='bbox 1859 3131 2009 3172; x_wconf 89' lang='lat' dir='ltr'>haberi</span> 
     </span>
     <span class='ocr_line' id='line_1_39' title="bbox 188 3203 2007 3258; baseline -0.001 -14"><span class='ocrx_word' id='word_1_338' title='bbox 188 3203 342 3244; x_wconf 75' lang='lat' dir='ltr'>seclusi</span> <span class='ocrx_word' id='word_1_339' title='bbox 417 3204 465 3244; x_wconf 86' lang='lat'>17</span> <span class='ocrx_word' id='word_1_340' title='bbox 486 3204 542 3244; x_wconf 80' lang='lat' dir='ltr'>sit</span> <span class='ocrx_word' id='word_1_341' title='bbox 564 3204 719 3256; x_wconf 76' lang='lat' dir='ltr'>scripsi</span> <span class='ocrx_word' id='word_1_342' title='bbox 728 3219 740 3245; x_wconf 88' lang='lat'><em>:</em></span> <span class='ocrx_word' id='word_1_343' title='bbox 763 3203 837 3245; x_wconf 89' lang='lat' dir='ltr'>sed</span> <span class='ocrx_word' id='word_1_344' title='bbox 854 3204 997 3245; x_wconf 86' lang='lat' dir='ltr'>PMF</span> <span class='ocrx_word' id='word_1_345' title='bbox 1081 3205 1209 3245; x_wconf 87' lang='lat' dir='ltr'>etiam</span> <span class='ocrx_word' id='word_1_346' title='bbox 1228 3207 1328 3246; x_wconf 87' lang='lat' dir='ltr'>ante</span> <span class='ocrx_word' id='word_1_347' title='bbox 1344 3204 1599 3258; x_wconf 83' lang='lat' dir='ltr'>principium</span> <span class='ocrx_word' id='word_1_348' title='bbox 1622 3203 1778 3246; x_wconf 79' lang='lat' dir='ltr'>seclusi</span> <span class='ocrx_word' id='word_1_349' title='bbox 1850 3203 1903 3244; x_wconf 84' lang='lat'>23</span> <span class='ocrx_word' id='word_1_350' title='bbox 1922 3215 2007 3243; x_wconf 88' lang='lat' dir='ltr'>ser·</span> 
     </span>
     <span class='ocr_line' id='line_1_40' title="bbox 189 3275 2006 3330; baseline 0 -15"><span class='ocrx_word' id='word_1_351' title='bbox 189 3287 313 3316; x_wconf 86' lang='lat' dir='ltr'>mone</span> <span class='ocrx_word' id='word_1_352' title='bbox 332 3275 487 3316; x_wconf 70' lang='lat' dir='ltr'>addidi</span> <span class='ocrx_word' id='word_1_353' title='bbox 559 3276 614 3316; x_wconf 80' lang='lat'>24</span> <span class='ocrx_word' id='word_1_354' title='bbox 630 3275 673 3316; x_wconf 87' lang='lat' dir='ltr'>id</span> <span class='ocrx_word' id='word_1_355' title='bbox 692 3289 772 3329; x_wconf 91' lang='lat' dir='ltr'>quo</span> <span class='ocrx_word' id='word_1_356' title='bbox 790 3276 966 3328; x_wconf 74' lang='lat' dir='ltr'>scripsi:</span> <span class='ocrx_word' id='word_1_357' title='bbox 988 3275 1032 3317; x_wconf 87' lang='lat' dir='ltr'>id</span> <span class='ocrx_word' id='word_1_358' title='bbox 1057 3275 1171 3329; x_wconf 88' lang='lat' dir='ltr'>quod</span> <span class='ocrx_word' id='word_1_359' title='bbox 1187 3276 1295 3330; x_wconf 84' lang='lat' dir='ltr'>MF,</span> <span class='ocrx_word' id='word_1_360' title='bbox 1319 3275 1449 3330; x_wconf 86' lang='lat' dir='ltr'>idque</span> <span class='ocrx_word' id='word_1_361' title='bbox 1475 3290 1556 3330; x_wconf 89' lang='lat' dir='ltr'>quo</span> <span class='ocrx_word' id='word_1_362' title='bbox 1573 3276 1616 3317; x_wconf 91' lang='lat' dir='ltr'><em>P</em></span> <span class='ocrx_word' id='word_1_363' title='bbox 1687 3276 1739 3316; x_wconf 79' lang='lat'>25</span> <span class='ocrx_word' id='word_1_364' title='bbox 1764 3288 1872 3324; x_wconf 86' lang='lat' dir='ltr'>amo,</span> <span class='ocrx_word' id='word_1_365' title='bbox 1889 3288 2006 3315; x_wconf 90' lang='lat' dir='ltr'>reco-</span> 
     </span>
     <span class='ocr_line' id='line_1_41' title="bbox 192 3345 2011 3400; baseline -0.001 -14"><span class='ocrx_word' id='word_1_366' title='bbox 192 3359 346 3400; x_wconf 86' lang='lat' dir='ltr'>gnosce</span> <span class='ocrx_word' id='word_1_367' title='bbox 362 3346 536 3398; x_wconf 74' lang='lat' dir='ltr'>scripsi:</span> <span class='ocrx_word' id='word_1_368' title='bbox 554 3360 694 3388; x_wconf 85' lang='lat' dir='ltr'>amore</span> <span class='ocrx_word' id='word_1_369' title='bbox 713 3360 921 3400; x_wconf 87' lang='lat' dir='ltr'>cognosce</span> <span class='ocrx_word' id='word_1_370' title='bbox 937 3347 1047 3400; x_wconf 82' lang='lat' dir='ltr'>MF,</span> <span class='ocrx_word' id='word_1_371' title='bbox 1066 3361 1090 3388; x_wconf 89' lang='lat' dir='ltr'>a</span> <span class='ocrx_word' id='word_1_372' title='bbox 1106 3361 1171 3389; x_wconf 90' lang='lat' dir='ltr'>me</span> <span class='ocrx_word' id='word_1_373' title='bbox 1189 3360 1443 3400; x_wconf 84' lang='lat' dir='ltr'>recognosce</span> <span class='ocrx_word' id='word_1_374' title='bbox 1459 3348 1511 3397; x_wconf 82' lang='lat' dir='ltr'>P,</span> <span class='ocrx_word' id='word_1_375' title='bbox 1530 3350 1629 3388; x_wconf 87' lang='lat' dir='ltr'>ante</span> <span class='ocrx_word' id='word_1_376' title='bbox 1646 3359 1903 3400; x_wconf 86' lang='lat' dir='ltr'>recognosce</span> <span class='ocrx_word' id='word_1_377' title='bbox 1927 3345 2011 3387; x_wconf 76' lang='lat' dir='ltr'>Urs</span> 
     </span>
    </p>
   </div>
  </div>
 </body>
</html>
