2248 3646
578 278 671 319 VII.
703 278 964 318 Aduersus
994 276 1305 317 Marcionem
1336 275 1409 315 lib.
1443 274 1532 315 1111
1566 275 1599 314 1.
1884 275 1983 323 425

189 452 216 485 a
261 436 477 484 creatore
523 433 645 482 dixit
688 432 898 491 futuraS‚
947 434 1004 479 ut
1048 431 1193 480 etiam
1234 430 1457 494 ipsorum
1497 428 1850 478 sacrificiorum
1891 428 1986 477 alia

189 519 351 570 officia
399 519 592 583 potiora
643 520 692 566 et
744 516 942 580 quidem
995 515 1124 579 apud
1176 514 1395 564 nationes
1458 513 1730 571 destinarit,
1793 513 1983 562 dicente

188 604 460 654 Malachia:
500 619 608 652 non
649 605 738 652 est
776 602 1055 650 uoluntas
1094 615 1217 649 mea
1253 599 1307 648 in
1347 599 1535 658 uobiS‚
1576 598 1772 662 inquit
1811 598 1984 647 domi-

188 704 309 750 nus,
371 690 428 737 et
479 686 786 736 sacrificia
840 688 1039 735 uestra
1090 700 1198 734 non
1254 684 1541 747 excipiam
1595 683 1660 731 de
1713 683 1983 732 manibus

138 791 157 821 5
193 773 430 833 uestris,
471 771 740 835 quoniam
782 787 808 820 a
848 771 993 820 solis
1028 773 1156 819 ortu
1189 785 1374 833 usque
1408 769 1474 817 ad
1508 784 1776 818 occasum
1811 769 1983 833 glori-

183 859 431 908 ficatum
486 859 576 907 est
627 857 682 905 in
728 856 1071 905 nationibus
1117 870 1320 904 nornen
1367 869 1572 914 meum,
1628 855 1681 902 et
1727 853 1781 902 in
1831 853 1983 903 omni

184 944 314 994 loco
364 942 733 993 sacrificium
777 941 994 990 nomini
1032 956 1155 990 meo
1204 939 1456 989 offertur
1502 942 1559 987 et
1609 938 1983 988 sacrificium

184 1028 474 1081 mundum,
516 1028 709 1077 scilicet
748 1026 954 1090 simplex
994 1026 1148 1075 oratio
1182 1025 1239 1074 de
1272 1024 1574 1074 conscientia
1604 1039 1742 1088 pura,
1782 1038 1983 1073 necesse

185 1115 261 1163 est
299 1113 457 1163 omnis
497 1112 768 1161 demutatio
808 1111 1012 1161 ueniens
1045 1127 1099 1161 ex
1130 1110 1447 1160 innonatione
1480 1109 1822 1159 diuersitatem
1853 1109 1985 1158 ineat

116 1217 154 1247 ιο
187 1214 298 1248 cum
345 1199 438 1258 his,
487 1214 696 1263 quorum
740 1197 810 1257 fit,
860 1199 908 1246 et
954 1196 1349 1246 contrarietatem
1398 1211 1452 1243 ex
1492 1195 1797 1244 diuersitate.
1851 1194 1984 1243 sicut

185 1285 313 1334 enim
350 1285 472 1334 nihil
511 1285 823 1334 demutatum
862 1282 993 1346 quod
1032 1298 1124 1331 non
1164 1282 1433 1340 diuersum,
1471 1281 1542 1329 ita
1571 1280 1695 1329 nihil
1727 1279 1982 1329 diuersum

184 1370 316 1434 quod
360 1386 452 1420 non
502 1369 815 1419 contrarium.
871 1368 1090 1417 eiusdem
1141 1382 1255 1432 ergo
1302 1367 1625 1430 deputabitur
1669 1366 1818 1415 etiam
1872 1380 1981 1414 con-

182 1455 409 1503 trarietas
450 1470 504 1503 ex
544 1454 849 1511 diuersitate,
891 1454 1032 1502 cuius
1071 1452 1222 1501 fuerit
1254 1451 1524 1501 demutatio
1560 1467 1614 1500 ex
1644 1450 1980 1500 innouatione.

184 1539 267 1602 qui
321 1539 567 1602 disposuit
626 1539 1031 1597 demutationem„
1092 1538 1186 1586 iste
1238 1537 1459 1586 instituit
1512 1538 1561 1585 et
1614 1535 1978 1594 diuersitatem;

113 1642 150 1672 15
183 1624 266 1688 qui
304 1624 612 1688 praedicauit
654 1624 1041 1681 innouationern,
1088 1623 1185 1672 iste
1223 1622 1594 1687 praenuntiaiiit
1633 1625 1681 1670 et
1719 1621 1980 1671 contrarie-

182 1710 352 1757 tatem.
417 1709 533 1772 quid
597 1708 920 1758 differentiam
974 1724 1137 1756 rerum
1191 1707 1249 1756 ad
1302 1707 1588 1756 distantiam
1641 1706 1979 1770 interpretaris

180 1795 521 1856 potestatum?
570 1793 687 1857 quid
725 1794 986 1842 antithesis
1028 1794 1364 1857 exemplorum
1411 1792 1690 1856 distorques
1739 1791 1978 1840 aduersus

182 1879 464 1937 creatorem,
507 1894 627 1942 quas
664 1879 713 1927 in
750 1878 874 1942 ipsis
908 1894 1102 1942 quoque
1135 1878 1364 1927 sensibus
1397 1881 1446 1927 et
1478 1877 1839 1927 adfectionibus
1870 1877 1979 1926 eius

179 1964 320 2025 potes
351 1965 739 2026 recognoscere?
780 1979 902 2028 ego,
942 1963 1122 2027 inquit,
1160 1964 1486 2026 percutiam
1520 1970 1575 2012 et
1607 1978 1710 2027 ego
1745 1962 1977 2021 sanabo,

110 2070 149 2099 20
183 2062 303 2111 ego,
344 2047 520 2110 inquit,
561 2048 824 2097 occidam
865 2051 920 2097 et
959 2064 1062 2114 ego
1103 2049 1451 2099 uiuificabo.
1493 2048 1744 2098 condens
1785 2047 1981 2097 scilicet

182 2131 330 2180 mala
376 2136 430 2181 et
475 2132 696 2182 faciens
742 2148 959 2197 pacem.
1008 2149 1102 2198 quo
1144 2134 1292 2183 etiam
1332 2135 1461 2183 soles
1501 2134 1644 2183 illum
1684 2133 1977 2183 mobilitatis

179 2231 373 2279 quoque
407 2219 456 2266 et
478 2217 837 2268 inconstantiae
862 2220 1058 2268 nomine
1082 2220 1452 2284 reprehendere,
1483 2219 1828 2282 prohibentem
1853 2233 1976 2281 quae

178 2302 317 2352 iubet
356 2306 404 2352 et
442 2303 696 2353 iubentem
737 2320 861 2369 quae
899 2306 1144 2370 prohibet.
1197 2321 1282 2355 cur
1326 2321 1440 2371 ergo
1480 2320 1574 2354 non
1623 2307 1672 2353 et
1717 2303 1977 2353 antithesis

179 2387 239 2436 ad
270 2389 515 2438 naturalia
544 2391 788 2453 reputasti
820 2391 1048 2441 contrarii
1081 2392 1176 2441 sibi
1209 2407 1404 2455 semper
1435 2390 1686 2451 creatoris,
1720 2405 1808 2439 nec
1839 2405 1976 2438 mun-

106 2489 146 2520 25
178 2472 294 2521 dum
329 2474 496 2525 saltim
526 2476 796 2540 recogitare
828 2476 1054 2540 potuisti,
1088 2476 1184 2526 nisi
1214 2476 1373 2536 fallor,
1408 2476 1554 2525 etiam
1589 2474 1718 2540 apud
1742 2474 1975 2524 Ponticos

175 2573 230 2606 ex
269 2558 645 2609 diuersitatibus
679 2563 926 2611 structum
961 2562 1265 2611 aemularum
1297 2561 1512 2610 inuicem
1546 2559 1976 2609 substantiarum?

174 2644 309 2708 prius
347 2643 516 2708 itaque
556 2645 794 2696 debueras
834 2647 987 2696 alium
1027 2647 1174 2697 deum
1211 2647 1415 2696 luminis
1467 2647 1620 2696 alium
1664 2646 1977 2696 tenebrarum

174 2728 544 2791 determinasse,
582 2733 640 2780 ut
674 2731 745 2780 ita
782 2747 956 2796 posses
997 2732 1152 2782 alium
1190 2733 1317 2798 legis
1357 2731 1509 2781 alium
1552 2730 1800 2796 euangelii
1839 2730 1977 2780 adse-

172 2828 388 2864 uerasse.
430 2817 646 2865 ceterum
687 2818 1081 2880 praeiudicatum
1122 2821 1198 2868 est
1230 2833 1284 2867 ex
1313 2817 1612 2876 manifesti&
1654 2816 1796 2867 cuius
1830 2830 1978 2880 opera

313 3037 353 3090 3]
387 3038 486 3079 Mai.
519 3039 555 3088 1,
591 3039 652 3081 10.
688 3041 751 3080 11.
841 3042 909 3094 19]
944 3042 1069 3083 Dent.
1102 3041 1169 3092 32,
1200 3043 1267 3084 39.
1343 3034 1425 3095 ⁵20]
1457 3040 1531 3083 Es.
1562 3042 1629 3088 45,
1662 3040 1699 3080 7.

229 3175 253 3216 3
299 3175 511 3218 Malachia
553 3177 626 3231 R3‚
672 3178 887 3222 Malachin
930 3178 1048 3222 MR1
1163 3183 1185 3223 7
1233 3181 1406 3222 offertur
1449 3181 1587 3221 Pam:
1635 3179 1836 3221 offeretur
1878 3178 1976 3221 MR

176 3244 225 3284 10
249 3245 298 3285 fit
319 3245 385 3298 M,
410 3247 467 3287 sit
488 3246 531 3288 R
619 3249 920 3290 contrarietate
938 3251 992 3291 M
1078 3250 1350 3292 diffuersitate
1372 3251 1432 3292 M
1502 3252 1551 3293 15
1572 3249 1893 3304 praenuntiauit
1906 3249 1973 3301 M,

172 3316 465 3367 pronuntiauit
486 3317 529 3360 R
587 3321 636 3360 21
666 3332 747 3373 quo
773 3323 844 3370 (=
863 3320 1051 3370 deshalb)
1074 3322 1197 3376 Eny:
1221 3335 1304 3376 qua
1318 3322 1415 3363 MR
1474 3322 1527 3363 23
1544 3320 1976 3375 iubeat—prohibeat

180 3385 260 3427 Urs
346 3387 398 3428 26
430 3389 636 3429 structum
659 3390 723 3439 M,
757 3393 1043 3433 constructum
1074 3392 1117 3434 R
1231 3393 1581 3435 substantiarum.
1613 3391 1728 3446 prius
1759 3392 1890 3446 uulyo
