2248 3646
196 216 301 266 506
569 212 756 264 Quinti
792 213 1019 268 Septimi
1050 211 1324 254 Florentis
1357 212 1685 255 Tertulliani

196 373 287 424 sed
341 378 526 424 ‘nemo
583 373 719 435 scit,
773 373 874 438 qui
929 373 1010 423 sit
1062 375 1249 439 pater,
1306 372 1425 423 nisi
1469 372 1665 433 filius,
1715 374 1773 423 et
1820 373 1921 439 qui
1969 373 2051 424 sit

194 461 390 523 filius,
426 462 547 513 nisi
580 463 768 527 pater,
806 459 995 530 [nemo
1031 460 1163 511 enim
1199 460 1317 511 scit
1348 462 1576 526 patrem
1618 461 1738 511 nisi
1778 460 1951 512 filius
1994 463 2057 511 et,

192 549 399 600 filium
435 550 557 601 nisi
583 547 772 618 pater]
802 551 859 601 et
892 549 1251 614 cuicumque
1276 548 1452 599 filius
1478 549 1869 610 reuelauerit,
1898 551 2051 614 atque

194 636 267 686 ita
323 635 559 689 Christus
615 637 852 704 ignotum
909 637 1060 688 deum
1113 637 1462 704 praedicauit'.
1516 637 1634 688 hinc
1688 636 1821 688 enim
1870 639 1920 688 et
1966 636 2053 687 alii

192 724 438 774 haeretici
475 725 777 786 fulciuntur,
819 728 1133 790 opponentes
1174 726 1450 776 creatorem
1491 723 1726 775 omnibus
1765 727 1962 782 notum,
2003 726 2053 774 et

190 811 406 863 Israheli
471 812 752 865 secundum
822 812 1221 863 familiaritatem
1292 814 1343 863 et
1408 811 1700 863 nationibus
1773 811 2054 863 secundum

191 901 439 950 naturam.
492 903 543 951 et
591 900 848 965 quomodo
895 901 1005 965 ipse
1051 902 1275 951 testatur
1312 914 1405 950 nec
1442 899 1657 950 Israheli
1696 899 1960 966 cognitum
2000 914 2053 950 se

190 1018 260 1022 ——
320 987 561 1038 Israhel
618 991 817 1039 autem
875 1004 960 1039 me
1016 1004 1131 1038 non
1188 988 1478 1055 cognouit
1538 990 1594 1038 et
1646 986 1911 1053 populus
1965 1002 2053 1036 me

190 1090 301 1124 non
341 1074 658 1125 intellexit
690 1106 757 1111 —
793 1091 885 1126 nec
917 1076 1248 1126 nationibus?
1290 1091 1425 1126 6666
1459 1075 1593 1126 6111111
1625 1090 1732 1126 1166
1766 1074 1833 1125 de
1865 1074 2053 1125 natio-

190 1161 387 1223 nibus,
421 1162 604 1228 inquit,
645 1179 831 1215 nemo.
873 1166 1080 1229 propter
1112 1163 1246 1229 quod
1279 1166 1329 1215 et
1359 1163 1475 1214 illas
1509 1162 1831 1214 stillicidium
1867 1162 2051 1213 situlae

189 1249 461 1316 deputauit
509 1254 560 1301 et
601 1250 806 1303 Sionem
847 1256 1114 1317 tamquam
1154 1253 1417 1318 speculam
1455 1251 1506 1302 in
1546 1251 1697 1302 uinea
1736 1250 2051 1301 derelictam.

188 1337 306 1388 uide
356 1353 494 1405 ergo,
544 1354 605 1389 an
663 1338 978 1390 confirmatio
1036 1340 1104 1391 sit
1142 1339 1469 1406 propheticae
1513 1338 1659 1390 uocis
1701 1337 2051 1403 exprobrantis

188 1424 527 1492 ignorantiam
576 1426 626 1477 in
671 1427 821 1477 deum
860 1429 1153 1489 humanam,
1204 1443 1332 1494 quae
1373 1426 1524 1478 fuerit
1563 1426 1626 1477 ad
1663 1426 1827 1477 filium
1868 1441 2049 1491 usque.

187 1529 305 1564 nam
346 1516 397 1564 et
434 1515 547 1566 ideo
591 1515 856 1566 subtexuit
895 1515 955 1565 ab
999 1531 1055 1566 eo
1098 1516 1338 1583 cognosci
1368 1517 1581 1582 patrem,
1624 1514 1706 1565 cui
1738 1513 1876 1564 filius
1908 1529 2050 1564 reue-

186 1601 388 1664 lauerit,
446 1603 687 1667 quoniam
742 1604 852 1670 ipse
909 1607 1031 1665 erat,
1090 1604 1176 1669 qui
1221 1604 1422 1670 positus
1479 1619 1506 1654 a
1558 1605 1699 1669 patre
1759 1601 1809 1651 in
1873 1602 2045 1652 lumen

186 1689 453 1741 nationum
487 1691 900 1753 adnuntiabatur,
935 1693 1114 1758 utique
1149 1692 1209 1744 de
1243 1693 1334 1743 deo
1366 1690 1852 1751 inluminandarum,
1893 1689 2048 1740 etiam

184 1776 445 1841 Israhelis,
486 1778 666 1844 utique
706 1795 796 1844 per
834 1779 1147 1847 agnitionem
1190 1780 1268 1831 dei
1307 1779 1603 1846 pleniorem.
1649 1778 1724 1829 ita
1760 1794 1859 1829 non
1898 1777 2046 1843 profi-

186 1864 321 1915 cient
359 1870 658 1933 argumenta
695 1868 745 1917 in
785 1867 937 1918 fidem
972 1868 1052 1919 dei
1084 1868 1311 1931 alterius,
1350 1883 1478 1934 quae
1512 1866 1725 1918 creatori
1758 1867 2046 1931 competere

183 1958 419 2018 possunt,
468 1955 586 2020 quia
636 1971 763 2020 quae
804 1971 901 2006 non
944 1958 1236 2022 competent
1275 1954 1503 2016 creatori,
1552 1954 1677 2005 haec
1716 1955 1956 2019 poterunt
1993 1952 2043 2003 111

183 2039 335 2091 fidem
376 2042 617 2107 proficere
659 2043 737 2094 dei
780 2044 1005 2095 alterius.
1100 2044 1153 2096 si
1186 2046 1237 2095 et
1269 2042 1536 2109 sequentia
1565 2042 1835 2108 inspicias:
1876 2039 2041 2091 beati

184 2129 367 2191 oculi,
410 2131 510 2195 qui
550 2131 764 2183 uident
804 2147 951 2196 quae
991 2132 1247 2183 uidetis:
1296 2131 1430 2183 dico
1473 2130 1626 2182 enim
1665 2130 1860 2191 uobiS,
1902 2129 2041 2195 quia

181 2218 516 2283 prophetae
557 2236 670 2270 non
711 2219 1000 2271 uiderunt
1041 2235 1189 2286 quae
1228 2235 1335 2271 uos
1383 2218 1631 2280 uidetiS,
1682 2218 1741 2269 de
1782 2216 2041 2282 superiore

182 2320 336 2356 sensu
372 2306 688 2358 descendunt
719 2308 867 2359 adeo:
910 2308 1179 2368 neminem,
1220 2310 1280 2359 ut
1311 2307 1498 2368 decuit,
1532 2306 1682 2357 deum
1717 2304 2040 2372 cognouisse,

183 2394 385 2457 quando
426 2411 518 2446 nec
556 2396 833 2462 prophetae
874 2396 1127 2447 uidissent
1167 2411 1294 2460 quae
1336 2396 1430 2446 sub
1472 2394 1674 2446 Christo
1720 2394 2041 2445 uidebantur.

181 2496 298 2530 narn
340 2481 384 2532 si
423 2497 519 2532 non
552 2499 697 2534 meus
733 2486 870 2534 esset
902 2483 1155 2545 ChristuS,
1197 2498 1289 2534 nec
1319 2483 1681 2549 prophetarum
1714 2481 1809 2533 hoc
1842 2482 1891 2533 in
1925 2483 2037 2533 loco

182 2569 493 2621 mentionem
536 2572 874 2625 conlocasset.
916 2571 1037 2637 quid
1079 2572 1212 2622 6111111
1244 2571 1448 2632 mirum,
1491 2570 1533 2621 si
1565 2586 1662 2622 11611
1695 2569 1931 2621 uiderant
1959 2585 2039 2621 res

331 2670 368 2725 1]
402 2670 506 2713 Luc.
536 2670 698 2722 10,22.
762 2673 804 2728 2]
832 2673 1007 2729 [Matth.
1037 2673 1103 2726 11,
1128 2672 1213 2728 27.]
1276 2671 1321 2727 6]
1356 2671 1555 2716 cenom.
1593 2671 1628 2720 1,
1657 2671 1838 2715 19—20.
1900 2670 2038 2743 sjEs.

185 2742 223 2797 1,
250 2742 289 2784 3.
373 2745 416 2799 9]
440 2743 514 2786 Es.
539 2745 606 2796 55,
634 2746 658 2788 5
684 2745 740 2801 (22)
826 2745 895 2800 10]
929 2744 982 2788 cf.
1014 2744 1088 2788 Es.
1121 2746 1191 2798 40,
1227 2744 1292 2787 15.
1385 2745 1454 2799 11]
1492 2743 1543 2786 of.
1575 2742 1649 2785 Es.
1685 2744 1721 2794 1,
1755 2743 1794 2785 6.
1882 2743 1949 2799 14]
1986 2742 2037 2785 cf.

185 2815 289 2861 Luc.
326 2816 392 2867 1o,
426 2817 492 2860 22.
587 2819 656 2873 15]
690 2819 741 2861 ef.
774 2818 847 2861 Es.
881 2819 949 2872 49,
983 2819 1021 2861 6.
1116 2818 1184 2872 66]
1219 2819 1321 2860 Luc.
1356 2817 1423 2871 10,
1457 2817 1640 2860 23—24.

242 2903 267 2943 2
299 2917 427 2947 nemo
469 2905 581 2947 6111111
615 2907 697 2949 scit
737 2909 906 2961 patrem
945 2906 1030 2948 nisi
1068 2906 1184 2948 filius
1218 2909 1262 2948 et
1299 2904 1437 2947 filium
1476 2905 1560 2947 nisi
1599 2906 1724 2959 pater
1755 2904 1916 2947 deleuit
1960 2903 2041 2946 Gel

187 2977 210 3017 7
244 2979 447 3018 naturam
476 2977 580 3020 Gel:
604 2978 848 3020 naturalem
876 2978 987 3027 MR,
1013 2978 1255 3020 naturalem
1274 2977 1728 3032 <agnitionem>fort.
1820 2977 1846 3017 8
1870 2990 2038 3030 paren-

186 3048 330 3093 thesin
358 3051 567 3095 indicaui
641 3052 665 3094 9
699 3052 951 3094 nationibus
976 3050 1106 3106 MRss,
1139 3051 1330 3094 nationis
1353 3051 1410 3104 F,
1441 3050 1644 3092 nationes
1669 3048 1731 3093 R¹
1805 3049 1859 3091 12
1885 3049 2036 3092 confir-

184 3123 321 3166 matio
347 3123 402 3178 R,
435 3125 728 3167 conformatio
752 3125 855 3167 MF
940 3125 1059 3167 uocis
1083 3125 1149 3175 M,
1182 3125 1301 3167 uocis
1327 3127 1370 3167 et
1393 3124 1436 3167 R
1498 3125 1550 3166 15
1572 3123 1615 3165 in
1638 3124 1786 3165 lumen
1810 3123 2039 3164 nationum

183 3198 255 3248 (=
289 3195 347 3246 εἰς
381 3202 471 3254 φῶς
503 3196 640 3238 ἐθνῶν
673 3200 729 3252 cf.
758 3200 866 3251 424,
892 3201 938 3250 2)
962 3198 1143 3252 scripsi:
1168 3197 1445 3240 inluminatio
1469 3197 1697 3238 nationum
1719 3196 1831 3249 MR,
1861 3195 2037 3237 inlumi-

182 3270 353 3312 nationi
383 3271 609 3313 nationum
647 3271 751 3327 Eny
876 3273 927 3314 17
966 3272 1142 3314 Israelis
1180 3271 1238 3325 R,
1268 3271 1497 3313 israhelem
1528 3269 1633 3311 ΜΕ
1755 3270 1806 3312 19
1837 3283 1923 3310 11611
1954 3281 2037 3312 om.

184 3345 241 3386 M
392 3347 641 3400 competent
671 3346 737 3399 M,
772 3349 1025 3401 competunt
1054 3345 1247 3400 Ruulyo
1388 3344 1441 3386 22
1474 3343 1694 3399 superiore
1726 3343 1794 3393 M,
1826 3343 2038 3397 superiori

185 3416 228 3460 R
245 3418 380 3472 uulyo

2106 741 2125 772 5

2084 1176 2124 1209 10

2080 1615 2120 1646 15

2073 2055 2115 2087 20

2069 2495 2111 2528 25
