2248 3646
219 284 324 334 386
605 276 794 329 Quinti
827 274 1055 330 Septimi
1087 273 1365 315 Florentis
1397 271 1731 314 Tertulliani

217 443 382 491 torem
438 440 490 489 et
543 436 933 496 destructorem,
991 433 1290 485 deduxerint
1342 433 1392 482 in
1445 431 1694 482 iudicium
1743 434 1794 482 et
1840 446 1931 482 suo
1978 430 2088 482 iure

220 527 498 594 punierint,
539 525 763 575 alienum
811 523 1013 574 scilicet
1051 538 1148 572 non
1189 519 1477 572 indicaturi.
1517 521 1660 570 tanto
1702 519 1864 581 abest,
1909 521 1962 569 ut
2001 519 2089 569 ali-

224 631 375 680 enum
419 613 681 665 Christum
730 610 1046 661 intellexisse
1095 609 1371 659 uideantur
1419 607 1505 672 qui
1543 622 1634 656 nec
1673 606 1933 657 hominem
1982 607 2091 657 eius

221 709 280 753 ut
321 702 542 752 alienun]
584 700 960 750 iudicauerunt.

299 792 342 841 7.
393 790 572 840 Discat
618 803 751 838 nunc
799 785 1085 836 haereticus
1134 801 1190 834 ex
1245 783 1523 834 abundanti
1578 799 1694 833 cum
1748 783 1860 849 ipso
1916 782 2091 833 licebit
2142 798 2162 829 5

223 878 411 929 Iudaeo
453 876 702 926 rationem
745 889 946 940 quoque
988 888 1213 923 errorum
1257 872 1383 932 eiUS,
1430 887 1457 920 a
1496 886 1594 936 quo
1638 870 1881 920 ducatum
1924 873 2091 920 mutu-

225 976 341 1016 atus
374 965 426 1015 in
459 964 555 1014 hac
590 955 1052 1029 argumentatione,
1088 975 1269 1010 caecus
1303 976 1331 1009 a
1363 974 1531 1017 caeco,
1573 959 1623 1008 in
1658 958 1870 1008 eandem
1903 957 2093 1008 decidit

223 1056 445 1109 foueam.
491 1053 618 1102 duos
654 1051 873 1101 dicimus
904 1049 1095 1102 Christi
1127 1048 1333 1099 habitus
1368 1064 1395 1098 a
1425 1047 1689 1112 prophetis
1718 1047 2092 1097 demonstratos

224 1142 441 1194 totidem
477 1140 731 1190 aduentus
767 1139 876 1188 eius
909 1138 1259 1203 praenotasse:
1300 1134 1534 1185 nnumin
1568 1135 1878 1196 humilitate,
1913 1135 2092 1200 utique

224 1230 462 1295 primum,
511 1244 627 1278 cnm
673 1229 937 1290 tamquam
987 1225 1098 1274 ouis
1148 1223 1210 1273 ad
1255 1223 1521 1273 uictimam
1563 1222 1746 1272 deduci
1784 1221 2005 1272 habebat
2044 1224 2093 1272 et
2129 1237 2166 1269 ιο

225 1322 490 1383 tamquam
530 1331 695 1381 agnus
743 1316 858 1364 ante
904 1312 1200 1363 tondentem
1249 1312 1355 1362 sine
1401 1326 1545 1369 uoce,
1599 1310 1671 1360 ita
1718 1325 1813 1360 non
1863 1310 2092 1376 aperiens

229 1422 302 1466 os,
330 1421 391 1455 ne
419 1406 634 1470 aspectu
661 1402 866 1467 quidem
891 1402 1156 1451 honestus.
1197 1399 1349 1450 adun
1362 1398 1697 1449 ntiauimus
1732 1399 1883 1456 enim,
1910 1397 2093 1462 inquit,

230 1494 298 1544 de
340 1493 475 1544 illo:
528 1492 692 1542 sicut
731 1490 1046 1556 puerulus,
1096 1488 1262 1538 sicut
1307 1487 1474 1537 radix
1520 1487 1576 1536 in
1623 1488 1786 1537 terra
1825 1484 2095 1545 sitienti,

231 1584 288 1632 et
326 1597 439 1631 non
473 1582 566 1631 est
599 1578 836 1644 species
879 1578 1010 1627 eius
1051 1592 1243 1642 neque
1286 1575 1498 1642 gloria,
1541 1576 1598 1625 et
1638 1573 1904 1625 uidimus
1947 1588 2093 1632 eum,

232 1673 289 1721 et
336 1684 448 1719 non
497 1667 762 1718 habebat
802 1664 1067 1730 speciem
1116 1679 1308 1729 neque
1358 1662 1650 1723 decorem,
1700 1662 1803 1713 sed
1851 1662 2091 1727 species
2131 1666 2168 1697 ¹5

231 1758 364 1809 eius
402 1756 787 1814 inhonorata,
830 1753 1130 1804 deficiens
1167 1752 1322 1807 citra
1352 1751 1524 1802 filios
1558 1751 1883 1806 hominnm,
1924 1751 2094 1801 homo

229 1846 285 1896 in
328 1845 509 1911 plaga
550 1846 608 1893 et
650 1843 852 1894 sciens
897 1842 1052 1891 ferre
1083 1840 1532 1900 infirmitatem,
1573 1841 1631 1889 ut
1661 1839 1863 1904 positus
1897 1855 1925 1889 a
1955 1841 2097 1904 patre

229 1935 280 1984 in
337 1932 559 1998 lapidem
609 1930 904 1982 offensionis
955 1931 1005 1979 et
1050 1931 1241 1993 petram
1301 1927 1544 1989 scandali,
1599 1927 1880 1977 minoratus
1929 1926 1990 1976 ab
2039 1941 2096 1977 eo

230 2021 492 2073 modicum
535 2019 662 2070 citra
701 2018 928 2084 angeIOS,
969 2033 1197 2067 uermem
1238 2033 1290 2067 se
1329 2015 1661 2082 pronuntians
1710 2019 1760 2066 et
1797 2032 1894 2066 non
1937 2015 2097 2067 homi-

232 2125 366 2169 nem,
413 2107 749 2174 ignominiam
796 2105 1018 2155 hominis
1059 2108 1110 2155 et
1147 2103 1494 2155 nullificamen
1541 2104 1735 2169 populi.
1784 2118 1912 2169 quae
1958 2102 2097 2169 igno·
2127 2112 2172 2143 2⁰

230 2196 451 2248 bilitatis
498 2196 798 2262 argumenta
835 2193 997 2259 primo
1045 2192 1290 2242 aduentui
1337 2194 1634 2257 competunt
1683 2191 1818 2242 sicut
1865 2190 2097 2242 sublimi-

231 2286 356 2336 tatis
411 2282 652 2346 secunde,
706 2297 823 2332 cum
870 2280 959 2331 fiet
1002 2280 1102 2329 iam
1154 2296 1250 2330 non
1296 2279 1428 2345 lapis
1478 2279 1770 2330 offensionis
1816 2294 1908 2328 nec
1955 2280 2098 2345 petra

234 2371 481 2434 scandali,
552 2370 642 2421 sed
701 2369 833 2435 lapis
897 2384 1131 2419 summus
1193 2368 1451 2434 angularis
1513 2370 1632 2433 post
1689 2366 2094 2431 reprobationem

235 2460 540 2525 adsumptus
582 2460 632 2508 et
664 2457 975 2507 sublimatus
1006 2456 1056 2506 in
1090 2455 1580 2506 consummat-ionem
1613 2455 1811 2521 templi,
1853 2454 2098 2505 ecclesiae

237 2548 450 2608 scilicet,
485 2549 536 2597 et
566 2548 710 2611 petra
750 2560 871 2595 sane
910 2544 1000 2594 illa
1037 2544 1172 2609 apud
1204 2543 1504 2594 Danihelem
1539 2543 1598 2593 de
1638 2545 1811 2594 monte
1849 2541 2096 2608 praecisa,
2126 2547 2169 2580 25

237 2652 365 2702 quae
404 2634 684 2701 imaginem
726 2633 1063 2684 saecularium
1102 2648 1375 2699 regnorum
1415 2632 1729 2683 comminuet
1767 2633 1818 2681 et
1857 2632 2098 2681 conteret.

239 2724 299 2773 de
335 2738 433 2788 quo
468 2722 691 2773 aduentu
724 2720 860 2770 idem
891 2721 1189 2786 prophetes:
1223 2723 1280 2770 et
1313 2735 1448 2771 ecce
1482 2735 1610 2770 cum
1644 2719 1907 2769 nubibus
1942 2717 2098 2768 caeli

238 2815 543 2874 tamquam
582 2809 758 2860 filius
798 2808 1061 2860 hominis
1101 2808 1351 2859 ueniens
1395 2808 1561 2859 uenit
1598 2823 1788 2872 usque
1831 2806 1899 2857 ad
1938 2809 2099 2857 uete-

387 2954 572 3002 5-388,
607 2953 678 3008 19]
715 2953 767 2995 cf.
802 2952 899 2994 adu⁴
932 2952 1119 2995 Iudaeos
1152 2967 1246 3008 cap.
1281 2953 1346 2995 14.
1438 2954 1482 3007 7]
1518 2952 1570 2994 cf.
1602 2952 1759 2994 Matth.
1795 2952 1861 3001 15,
1890 2952 1958 3000 143
1994 2950 2098 2992 Luc.

241 3029 280 3081 6,
314 3028 382 3069 39.
492 3027 679 3082 10-12]
716 3025 769 3069 cf.
800 3026 873 3068 Es.
905 3027 974 3080 53,
1008 3027 1045 3068 7.
1161 3027 1231 3081 12]
1268 3025 1322 3067 cf.
1355 3026 1425 3068 Es.
1457 3026 1525 3079 53,
1558 3027 1597 3067 2.
1631 3027 1693 3068 3
1785 3026 1855 3080 17]
1890 3024 1942 3068 cf.
1976 3024 2095 3066 Rom.

241 3102 281 3155 9,
315 3101 385 3143 33.
416 3099 437 3141 Ι
467 3100 585 3142 Petr.
614 3100 658 3147 2,
691 3099 731 3141 6.
765 3100 804 3140 7.
840 3098 892 3140 cf.
925 3099 995 3141 Es.
1028 3099 1096 3147 28,
1125 3100 1197 3149 16;
1231 3099 1273 3149 8,
1303 3101 1367 3142 14.
1467 3100 1538 3154 18]
1568 3098 1619 3140 cf.
1646 3099 1717 3140 Ps.
1742 3099 1781 3145 8.
1808 3100 1847 3142 6.
1942 3098 2011 3152 19]
2044 3097 2097 3142 cf.

241 3175 313 3216 ΡΒ.
346 3174 415 3227 21,
450 3175 489 3215 7.
579 3172 651 3228 23]
687 3172 740 3217 cf.
765 3171 841 3214 Es.
867 3172 937 3227 28,
973 3173 1046 3227 163
1077 3172 1148 3215 Ps.
1177 3173 1274 3222 117,
1307 3173 1383 3224 22;
1410 3172 1522 3227 Eph.
1549 3174 1588 3222 2,
1616 3172 1692 3222 21;
1718 3172 1739 3214 Ι
1763 3173 1879 3216 Petr.
1905 3173 1944 3226 2,
1969 3172 2096 3214 4-6.

242 3248 317 3302 27]
353 3247 464 3288 Dan.
498 3247 536 3301 7,
572 3247 638 3288 13.
674 3247 739 3288 14,

303 3335 328 3390 ξ)
362 3333 504 3375 discat
534 3332 691 3381 MRF,
724 3332 843 3375 dicat
872 3331 936 3376 R¹
1053 3333 1207 3376 abunti
1237 3332 1295 3374 M
1382 3335 1406 3375 7
1441 3331 1605 3375 decidit
1635 3332 1768 3385 MR¹,
1801 3332 2014 3375 deductus
2038 3332 2101 3374 R³

243 3407 270 3449 9
302 3406 490 3449 totidem
521 3419 602 3450 om.
636 3406 683 3447 F
800 3407 851 3447 12
884 3419 931 3448 os
962 3406 1074 3458 MR,
1108 3407 1348 3461 os<suum>
1373 3407 1489 3448 Pam
1605 3420 1658 3448 ne
1690 3406 1800 3459 MR,
1831 3420 1909 3448 nec
1940 3405 2100 3448 FPam

245 3481 299 3523 27
335 3479 527 3524 aduentu
557 3479 670 3530 MR,
701 3479 956 3533 <secundo>
986 3480 1181 3522 aiuentu
1213 3480 1328 3522 Pam
