2248 3646
106 1187 145 1217 10

105 1612 143 1640 15

97 2037 140 2067 20

96 2462 136 2493 25

518 247 613 289 VII.
645 247 908 289 Aduersus
938 248 1248 289 Marcionem
1279 249 1353 290 lib.
1385 249 1428 290 11
1458 249 1639 290 22—24.
1889 253 1987 302 367

180 420 267 469 pro
299 403 625 468 temporibus,
657 403 705 452 in
738 405 947 467 utroque
979 402 1307 468 dispungetur
1339 419 1366 452 a
1398 404 1487 453 deo
1515 408 1563 454 et
1587 405 1711 455 bono
1738 408 1786 454 et
1809 406 1986 466 iudice,

182 490 266 553 qui
295 504 389 539 non
418 488 624 537 leuitate
657 490 742 536 aut
771 487 1156 550 improuidentia
1187 488 1456 538 sententias
1490 491 1640 538 uertit
1672 490 1757 539 sed
1782 506 1989 540 censura

181 572 478 640 grauissima
523 574 572 621 et
615 572 1054 635 prouidentissima
1097 573 1274 622 merita
1318 574 1556 637 temporis
1604 574 1845 638 cuiusque
1891 575 1986 625 dis-

179 661 368 724 pensat.

251 746 331 793 24.
366 743 447 794 Sic
479 746 529 793 et
557 742 910 807 paenitentiam
942 742 1073 806 apud
1104 743 1246 792 illum
1278 759 1428 807 praue
1452 744 1807 808 interpretariS,
1842 746 1983 809 quasi

176 829 379 894 proinde
432 828 711 878 mobilitate
763 829 845 877 uel
896 828 1294 892 improuidentia,
1349 830 1500 878 immo
1553 830 1650 879 iam
1704 846 1759 880 ex
1814 832 1982 881 delicti

176 914 514 965 recordatione
557 914 819 978 paeniteat,
881 915 1113 978 quoniam
1166 914 1365 978 quidem
1421 915 1618 964 dixerit:
1665 917 1979 980 paenituit,

178 999 329 1064 quod
360 1015 553 1064 regem
584 998 823 1047 fecerim
857 997 1010 1059 Saul,
1042 999 1382 1062 praescribens
1415 1001 1607 1050 scilicet
1632 1001 1976 1065 paenitentiam

177 1084 539 1135 confessionem
589 1098 759 1147 sapere
812 1081 930 1132 mali
983 1084 1143 1147 operis
1198 1085 1409 1134 alieuius
1462 1086 1543 1134 uel
1597 1087 1788 1136 erroris
1837 1102 1978 1149 porro

176 1186 269 1219 non
309 1184 515 1234 semper.
556 1168 723 1218 euenit
760 1168 885 1217 enini
919 1168 1017 1232 <et>
1046 1169 1094 1217 in
1128 1169 1269 1219 bonis
1308 1170 1454 1219 factis
1495 1171 1826 1234 paenitentiae
1867 1187 1977 1221 con—

174 1256 341 1315 sessio,
367 1255 426 1304 ad
451 1254 690 1303 inuidiam
718 1257 767 1302 et
791 1254 1213 1317 exprobrationem
1241 1255 1364 1304 eius.
1392 1255 1476 1318 qui
1499 1257 1725 1306 beneficii
1751 1257 1975 1322 ingratus

175 1341 405 1390 extiterit.
455 1341 588 1389 sicut
632 1342 681 1388 et
725 1341 844 1388 tunc
891 1340 1021 1388 circa
1057 1355 1315 1402 personam
1357 1340 1521 1390 Saulis
1563 1342 1854 1391 onerandam
1894 1343 1975 1392 ad-

175 1426 429 1475 nuntiatur
460 1440 485 1473 a
517 1426 750 1480 creatore,
792 1423 998 1486 quinon
1040 1423 1328 1487 deliquerat,
1366 1440 1478 1474 cum
1518 1425 1716 1475 Saulem
1757 1427 1976 1477 adsumit

172 1512 221 1561 in
273 1526 480 1576 regnum
535 1511 585 1558 et
636 1510 806 1557 sancto
861 1508 1039 1570 spiritu
1093 1511 1261 1573 auget3
1318 1509 1561 1572 optimum
1623 1511 1751 1559 enim
1812 1511 1971 1561 adhuc

173 1626 241 1631 —
266 1595 477 1660 qualis,
502 1594 681 1657 inquit,
713 1608 820 1643 non
854 1595 978 1642 erat
1008 1593 1061 1641 in
1094 1593 1247 1642 filiis
1278 1594 1559 1643 Israhelis
1586 1626 1651 1630 —
1677 1595 1971 1660 dignissime

172 1681 438 1746 adlegerat.
487 1678 572 1728 sed
618 1692 706 1727 nec
753 1678 1069 1742 ignorauerat
1104 1679 1175 1727 ita
1215 1682 1526 1728 euenturum.
1573 1696 1715 1729 nemo
1756 1682 1883 1730 enim
1923 1686 1971 1731 te

172 1765 440 1817 sustinebit
482 1763 916 1828 improuidentiam
962 1764 1321 1813 adscribentem
1370 1765 1458 1814 deo
1513 1766 1571 1825 ei,
1626 1782 1771 1829 quem
1822 1767 1969 1816 deum

171 1867 264 1901 non
316 1865 500 1914 negans
555 1847 800 1898 confiteris
854 1851 903 1897 et
953 1849 1234 1911 prouidum.
1295 1850 1414 1899 haec
1468 1851 1596 1899 enim
1648 1851 1723 1900 illi
1774 1853 1970 1916 propria

171 1935 406 1985 diuinitas
446 1936 655 1983 constat.
696 1933 782 1982 sed
819 1934 1005 1983 malum
1045 1934 1231 2006 fac-tum
1272 1934 1451 1993 SauliS,
1492 1938 1548 1985 ut
1586 1936 1698 1995 dixi,
1740 1938 1970 1987 onerabat

167 2021 497 2084 paenitentiae
558 2034 675 2069 suae
734 2019 1055 2083 professione,
1123 2035 1269 2083 quam
1329 2023 1536 2070 uacante
1597 2022 1778 2072 delicto
1840 2023 1968 2072 circa

169 2106 334 2157 Saulis
374 2104 699 2154 adlectionem
741 2119 1044 2168 consequens
1085 2107 1162 2154 est
1197 2105 1495 2155 inuidiosam
1526 2107 1694 2170 potius
1726 2108 1966 2172 intellegi,

168 2206 261 2241 non
310 2191 642 2240 criminosam.
696 2205 825 2249 ecce,
877 2190 1059 2254 inquis,
1115 2190 1429 2241 criminosam
1475 2207 1579 2241 eam
1629 2193 1965 2243 animaduerto

168 2277 297 2325 circa
327 2275 593 2333 NiniuitaS,
634 2275 825 2324 dicente
865 2275 1109 2338 scriptura
1145 2275 1318 2325 Ionae:
1360 2279 1416 2326 et
1452 2277 1752 2340 paenituit
1791 2278 1962 2327 domi-

167 2377 298 2410 num
346 2361 410 2409 de
458 2359 708 2419 malitia,
749 2375 916 2423 quam
963 2360 1189 2410 dixerat
1227 2361 1522 2410 facturum
1571 2377 1630 2411 se
1668 2363 1813 2422 illis,
1861 2378 1963 2412 nec

166 2446 328 2496 fecit.
383 2446 515 2496 siout
561 2448 608 2495 et
654 2445 760 2508 ipse
797 2446 941 2495 Ionas
989 2445 1049 2494 ad
1095 2446 1265 2496 deum:
1320 2450 1630 2510 propterea
1682 2448 1964 2512 praeueni

166 2532 479 2597 profugere
509 2531 566 2580 in
597 2531 869 2591 TharSOS,
903 2532 1038 2594 quia
1070 2546 1458 2596 cognoueram
1490 2536 1546 2582 te
1580 2548 1707 2582 esse
1738 2533 1963 2582 miseri-

167 2617 399 2668 cordem
461 2618 517 2665 et
575 2615 1075 2674 miserescentem,
1142 2617 1467 2681 patientem
1528 2619 1583 2666 et
1640 2618 1961 2681 plurimum

165 2702 629 2762 misericordiae,
697 2701 1094 2764 paenitentem
1163 2702 1542 2752 malitiarum.
1609 2704 1731 2752 bene
1791 2703 1960 2768 igitur,

167 2788 296 2851 quod
327 2787 585 2852 praemisit
615 2787 790 2850 optimi
822 2786 898 2836 dei
935 2787 1156 2847 titulum,
1190 2788 1544 2851 patientissimi
1583 2789 1775 2837 scilicet
1813 2804 1962 2853 super

306 2969 347 3022 7]
387 2968 408 3009 I
444 2968 548 3021 Reg.
589 2969 653 3019 15,
694 2967 757 3008 11.
903 2968 969 3020 15]
1011 2965 1060 3008 cf.
1101 2968 1120 3008 I
1158 2967 1259 3021 Reg.
1301 2969 1338 3016 9,
1378 2968 1415 3007 2.
1559 2967 1630 3021 23]
1670 2968 1758 3009 Ion.
1807 2969 1844 3019 3,
1896 2969 1956 3009 10.

165 3039 238 3092 25]
269 3038 358 3080 Ion.
389 3039 428 3088 4,
462 3040 500 3079 2.

222 3138 246 3178 5
276 3138 395 3178 illum
426 3151 506 3179 om.
536 3137 599 3179 R1
711 3138 736 3177 6
766 3137 1007 3179 mobilitate
1037 3137 1091 3188 R,
1121 3136 1421 3178 immobilitate
1450 3137 1552 3177 MF
1662 3137 1687 3178 8
1717 3137 1867 3178 fecerit
1896 3137 1958 3179 R1

166 3208 218 3249 10
257 3210 300 3248 et
337 3207 434 3248 add.
474 3220 562 3248 van
597 3207 672 3248 der
706 3206 828 3265 *Vliet
943 3208 992 3248 12
1031 3207 1287 3248 onerandam
1323 3206 1503 3259 scripsi:
1536 3207 1822 3248 honorandam
1860 3208 1957 3251 MR

166 3279 217 3320 16
245 3292 324 3320 nec
352 3279 408 3328 R,
439 3292 491 3319 ne
520 3278 621 3319 MF
662 3279 667 3283 ”
701 3279 754 3319 22
786 3278 1053 3319 criminosam
1083 3279 1300 3330 (alterum)
1333 3290 1411 3319 om..
1443 3278 1490 3318 F
1571 3279 1623 3319 23
1656 3279 1869 3319 nineuitas
1902 3279 1959 3319 M

165 3350 216 3391 25
248 3349 371 3390 deum
402 3349 510 3402 MR,
541 3349 754 3391 dominum
786 3350 899 3390 Pam
983 3351 1035 3391 26
1068 3350 1233 3390 tharsos
1263 3349 1371 3397 MR
1404 3350 1555 3390 Tarsos
1586 3349 1773 3404 Ruulyo
