2248 3646
130 1208 166 1235 10

127 1631 162 1660 15

127 2058 164 2086 20

611 274 667 315 Π.
700 275 771 319 De
804 275 987 318 Carnis
1017 275 1428 318 Resurrectione
1465 278 1585 319 1-2.
1937 284 2000 332 27

200 431 485 489 creatorem,
541 428 656 478 dum
702 430 853 478 talem
895 430 1206 481 ostendimus
1249 430 1518 492 Christum,
1566 433 1613 482 in
1655 449 1749 497 quo
1791 434 2003 485 dinosci-

197 517 278 562 tur
330 513 469 573 (16118,
524 514 685 577 qualis
730 515 1041 579 promittitur
1086 531 1112 565 a
1152 518 1385 566 creatore.
1441 517 1645 567 obducti
1690 518 1868 569 dehinc
1905 519 2004 584 <et>

198 599 254 647 de
307 599 396 649 deo
450 599 610 649 carnis
663 603 865 650 auctore
906 603 956 650 et
1001 600 1059 650 de
1101 600 1297 651 Christo
1340 603 1498 655 carnis
1536 603 1864 668 redemptore,
1902 604 2002 653 iam

197 687 244 732 et
290 683 346 733 de
400 684 760 734 resurrectione
816 685 976 735 carnis
1029 686 1359 736 reuincentur.
1420 690 1749 753 congruenter
1809 689 2005 739 scilicet

195 770 287 819 hoc
320 769 470 818 ferme
504 770 648 818 modo
683 769 897 819 dicimus
929 769 1197 819 ineundam
1230 785 1343 819 cum
1378 770 1641 822 haereticis
1682 773 1999 837 disceptatio-

194 869 324 915 nem,
351 883 415 890 —-
444 869 556 903 nam
590 856 639 903 et
670 854 786 905 ordo
820 870 1016 918 semper
1039 871 1066 904 a
1089 856 1446 919 principalibus
1482 857 1659 907 deduci
1692 859 1913 923 exposcit
1939 889 2004 894 ——

195 941 251 987 ut
288 938 347 988 de
384 939 492 1002 ipso
532 939 670 1003 prius
712 941 919 1000 constet,
961 955 987 988 a
1020 956 1116 1004 quo
1156 940 1350 990 dicatur
1381 942 1682 1005 dispositum
1723 959 1831 994 esse
1872 944 2004 1008 quod

196 1023 460 1086 quaeritur,
514 1026 661 1088 atque
706 1024 826 1074 adeo
875 1026 924 1074 et
967 1024 1206 1075 haeretici
1246 1041 1300 1076 ex
1347 1027 1654 1077 conscientia
1698 1028 2004 1079 infirmitatis

195 1124 464 1172 numquam
518 1109 759 1159 ordinarie
812 1112 1045 1160 tractant.
1101 1110 1222 1160 certi
1277 1111 1424 1173 enim,
1481 1127 1630 1176 quam
1683 1113 1911 1163 laborant
1953 1114 2002 1164 in

196 1193 400 1243 alterius
434 1193 714 1243 diuinitatis
746 1195 1079 1244 insinuatione
1115 1195 1355 1246 aduersus
1390 1197 1537 1247 deum
1569 1198 1742 1248 mundi
1775 1200 2003 1249 omnibus

196 1279 485 1328 naturaiiter
535 1281 710 1329 notum
764 1279 821 1329 de
875 1280 1180 1330 testimoniis
1221 1296 1443 1345 operum,
1500 1287 1630 1333 certe
1670 1286 1719 1333 et
1755 1282 1805 1333 in
1845 1299 2007 1333 sacra—

194 1365 375 1414 mentis
435 1365 650 1429 priorem
711 1367 760 1414 et
818 1365 867 1415 in
926 1366 1381 1431 praedicationibus
1443 1368 1853 1430 manifestiorem,
1910 1368 2001 1419 sub

198 1451 404 1500 obtentu
463 1451 607 1514 quasi
666 1450 964 1516 urgentioris
1028 1467 1221 1513 causae,
1289 1452 1341 1502 id
1402 1456 1480 1504 est
1538 1453 1699 1518 ipsius
1758 1454 2004 1504 humanae

197 1535 373 1585 salutis
413 1537 523 1585 ante
564 1536 730 1586 omnia
766 1534 1105 1600 requirendae,
1147 1553 1174 1586 a
1213 1538 1589 1600 quaestionibus
1628 1539 2004 1590 resurrectionis

194 1621 454 1683 incipiunt,
509 1621 624 1685 quia
676 1621 848 1671 durius
904 1621 1122 1671 creditur
1165 1623 1463 1673 resurrectio
1510 1624 1670 1674 carnis
1719 1640 1867 1689 quam
1906 1640 2004 1674 una

197 1705 454 1765 diuinitas3
503 1707 650 1770 atque
699 1706 765 1755 ita
810 1708 1077 1756 tractatum
1118 1706 1313 1757 uiribus
1354 1707 1540 1758 ordinis
1581 1709 1659 1759 sui
1698 1709 2002 1759 destitutum

197 1793 245 1840 et
290 1790 539 1854 scrupulis
578 1791 746 1855 potius
788 1794 1047 1842 oneratum
1087 1792 1482 1857 depretiantibus
1525 1809 1722 1849 carnem
1759 1795 2003 1859 paulatim

196 1875 256 1924 ad
280 1875 485 1928 alterius
512 1875 792 1926 diuinitatis
816 1879 1095 1941 temperant
1119 1892 1322 1927 sensum
1341 1893 1397 1928 ex
1413 1878 1524 1943 ipsa
1549 1879 1655 1944 spei
1680 1879 2005 1929 concussione

197 1964 245 2010 et
304 1961 657 2011 demutatione.
720 1962 942 2012 deiectus
1004 1962 1133 2012 enim
1186 1964 1532 2028 unusquisque
1585 1962 1667 2014 1161
1721 1966 1890 2015 motus
1945 1964 2002 2013 de

198 2045 350 2111 gradu
390 2046 497 2097 eius
537 2047 659 2111 spei,
700 2063 848 2111 quam
889 2050 1177 2111 susceperat
1215 2048 1347 2113 apud
1387 2051 1674 2106 creatorem,
1721 2049 1867 2099 facile
1905 2051 2004 2099 iam

198 2131 474 2181 declinatur
505 2133 566 2182 ad
597 2133 800 2182 alterius
833 2133 940 2198 spei
973 2135 1243 2193 auctorem,
1284 2134 1433 2183 etiam
1465 2135 1596 2185 ultro
1631 2133 2004 2199 suspicandum.

196 2232 284 2280 per
349 2217 694 2268 diuersitatem
754 2218 885 2268 enim
943 2217 1334 2282 promissionum
1395 2219 1663 2269 diuersitas
1724 2219 2007 2269 insinuatur

198 2301 417 2351 deorum.
472 2302 544 2353 816
596 2304 783 2353 multos
836 2303 1065 2353 inretitos
1120 2303 1368 2364 uidemUS,
1424 2304 1541 2353 dum
1588 2306 1701 2355 ante
1749 2304 1807 2354 de
1844 2311 2005 2354 resur·

196 2386 413 2436 rectione
467 2388 625 2438 carnis
678 2388 933 2438 eliduntur
986 2404 1134 2453 quam
1189 2389 1247 2438 de
1299 2389 1477 2439 unione
1539 2389 1836 2439 diuinitatis,
1901 2386 2006 2456 [eli-

153 2490 168 2507 1
201 2469 338 2539 dunt]
399 2471 556 2536 igitur
615 2475 854 2537 quantum
917 2473 976 2522 ad
1035 2473 1313 2523 haereticos
1377 2473 1847 2535 demonstrauimus,
1908 2488 2004 2538 quo

199 2571 353 2605 cuneo
409 2558 765 2607 occurrendum
819 2558 885 2608 sit
938 2574 965 2606 a
1015 2559 1170 2609 nobis.
1225 2563 1275 2607 et
1328 2574 1593 2609 occursum
1648 2562 1724 2609 est
1769 2560 1868 2609 iam
1914 2575 2003 2609 suo

201 2657 398 2706 quoque
435 2643 610 2694 titulo:
652 2643 710 2692 de
750 2643 839 2692 deo
881 2643 1080 2706 quidem
1123 2644 1265 2693 unico
1306 2647 1355 2693 et
1388 2644 1584 2694 Christo
1619 2644 1725 2694 eius
1765 2644 2004 2694 aduersus

200 2726 521 2789 Marcionem,
575 2727 633 2777 de
687 2743 829 2778 carne
882 2744 999 2778 uero
1055 2728 1241 2779 domini
1296 2729 1444 2779 etiam
1498 2728 1738 2779 aduersus
1792 2731 2006 2793 quatuor

258 2951 283 2991 2
315 2952 357 2991 et
388 2949 439 2991 de
469 2951 645 3004 scripsi:
676 2950 727 2991 de
757 2950 900 2992 PMF
1003 2953 1029 2992 4
1060 2953 1342 3005 congruenter
1372 2952 1538 2993 scilicet
1566 2951 1648 2994 hoo
1677 2952 1792 2993 Iun:
1827 2964 2004 3005 congru-

202 3023 321 3061 enter
350 3021 526 3064 scilicet.
560 3025 602 3061 et
630 3020 711 3062 hoc
740 3020 840 3074 Riq,
873 3024 1157 3075 congruenter
1187 3021 1354 3063 scilicet
1385 3024 1428 3064 et
1459 3022 1508 3063 de
1549 3021 1626 3063 deo
1666 3022 1801 3064 carnis
1834 3025 2005 3064 auctore

203 3094 245 3133 et
263 3091 312 3133 de
330 3092 486 3134 christo
506 3092 641 3133 carnis
657 3091 927 3147 redemptore
943 3092 1024 3134 hoc
1040 3093 1182 3134 PMF
1237 3095 1261 3134 6
1270 3094 1558 3147 parenthesin
1573 3093 1777 3135 indicam·
1834 3094 1858 3135 8
1877 3107 2004 3149 quae-

201 3163 319 3207 ritur.
351 3166 479 3217 atque
508 3163 641 3217 uulyo
720 3164 744 3204 9
767 3163 965 3204 laborant
994 3163 1145 3215 PMF,
1176 3163 1372 3205 laborent
1402 3164 1445 3206 R
1473 3164 1605 3218 uulyo
1679 3164 1729 3206 17
1763 3164 2005 3217 depretian-

202 3234 317 3275 tibus
347 3247 511 3277 carnem
542 3234 598 3288 B,
631 3234 945 3288 depreciatibus
977 3237 1114 3277 carnis
1144 3235 1287 3277 PMF
1371 3235 1422 3276 18
1455 3235 1506 3276 ad
1539 3235 1715 3277 alterius
1744 3235 1799 3288 B,
1831 3236 2006 3278 alterius

202 3303 343 3351 PMF
479 3304 529 3346 21
561 3304 677 3346 ultra.
704 3304 753 3345 F
889 3306 940 3346 24
975 3304 1142 3346 elidunt
1168 3306 1346 3347 seclusi:
1373 3306 1481 3358 <86>
1510 3305 1675 3346 elidunt
1705 3304 1757 3346 de
1786 3306 1832 3347 la
1866 3305 2006 3347 Gerda

204 3376 255 3417 26
287 3363 585 3420 obem-rendum
621 3376 720 3418 Get.-
753 3376 1057 3418 decurrendum
1087 3377 1230 3418 PMF
1338 3377 1421 3417 iam
1452 3378 1584 3430 Bmy:
1619 3377 1746 3418 etiam
1778 3377 1920 3418 PMF
