2248 3646
136 1202 175 1231 10

134 1629 172 1659 15

134 2053 176 2082 20

88 2465 175 2509 ‘25

538 263 632 304 VII.
664 263 925 305 Aduersus
955 263 1262 304 Marcionem
1292 262 1366 304 lib.
1396 262 1484 304 1111
1517 263 1693 305 13—14.
1899 266 2000 314 459

278 423 354 474 14.
396 420 552 470 Venio
591 435 721 470 nunc
761 420 821 469 ad
860 419 1126 469 ordinarias
1159 419 1430 469 sententias
1463 418 1586 478 61113,
1625 434 1711 482 per
1741 433 1861 482 quas
1893 433 2001 481 pro-

205 506 464 571 prietatem
505 505 755 555 doctrinae
802 520 918 554 suae
957 504 1163 564 inducit,
1205 504 1265 553 ad
1305 503 1538 563 edictum,
1579 505 1635 552 ut
1670 503 1740 552 ita
1780 503 2001 562 dixerim,

207 591 413 641 Christi:
479 590 642 640 beati
694 589 962 650 mendici,
1019 619 1077 624 —
1136 589 1207 638 sic
1260 588 1389 638 enim
1452 589 1604 654 exigit
1660 588 2001 652 interpretatio

203 674 451 737 uocabuli,
507 674 637 738 quod
688 675 735 722 in
786 673 972 724 Graeco
1027 678 1103 723 est
1161 703 1224 707 —
1294 673 1565 737 quoniam
1618 672 1856 720 illorum
1914 674 2001 721 est

208 759 295 808 dei
335 775 590 824 regnum.
630 759 727 808 iam
767 758 859 808 hoc
898 759 1080 822 ipsum,
1121 758 1250 821 quod
1292 773 1318 806 a
1354 757 1783 807 benedictionibus
1824 758 2002 821 coepit,

206 831 439 894 creatoris
479 847 570 905 est,
612 845 695 908 qui
733 844 981 898 uniuersa,
1021 846 1168 907 prout
1200 843 1368 904 edidit,
1408 843 1544 892 nulla
1575 843 1670 891 alia
1701 858 1822 892 uoce
1855 859 2003 907 quam

202 930 559 979 benedictionis
606 929 878 978 dedicauit:
919 928 1234 989 eructauit,
1272 929 1449 992 inquit,
1506 942 1602 977 cor
1651 944 1839 977 meum
1894 943 2003 978 sei·-

205 1031 425 1064 monem
488 1015 785 1078 optimum.
846 1015 927 1064 hic
987 1014 1079 1064 erit
1130 1030 1289 1064 sermo
1344 1014 1581 1078 optimuS,
1643 1013 2004 1063 benedictionis

206 1100 412 1162 scilicet,
452 1101 536 1164 qui
575 1102 625 1149 et
662 1101 777 1150 noui
816 1115 1012 1164 quoque
1051 1100 1338 1149 testamenti
1374 1099 1597 1149 initiator
1626 1098 1914 1164 agnoscitur
1945 1098 2004 1147 de

204 1185 390 1235 ueteris
437 1185 673 1248 exemplo
721 1185 839 1247 quid
888 1200 1002 1249 ergo
1047 1185 1244 1242 mirum,
1294 1185 1335 1234 si
1374 1186 1423 1233 et
1459 1184 1518 1233 ab
1560 1183 1834 1233 adfectibus
1876 1198 2006 1232 crea-

203 1271 325 1323 toris
363 1270 619 1336 ingressus
660 1272 737 1320 est
766 1286 851 1334 per
881 1270 1170 1320 huiusmodi
1203 1269 1487 1329 dictionem,
1526 1284 1722 1332 semper
1750 1267 2005 1318 mendicos

206 1360 255 1405 et
292 1370 532 1420 pauperes
572 1358 621 1405 et
658 1355 871 1405 humiles
912 1370 967 1404 ac
1006 1354 1183 1405 uiduas
1224 1356 1273 1404 et
1309 1355 1527 1419 pupillos
1559 1369 1718 1417 usque
1751 1353 2005 1418 diligentis

207 1440 509 1490 consolantis
571 1440 842 1490 adserentis
913 1440 1230 1500 uindicantis,
1298 1442 1355 1489 ut
1427 1440 1551 1489 lianc
1606 1439 1789 1490 Christi
1865 1439 2006 1502 quasi

203 1526 449 1589 priuatam
486 1525 846 1590 benignitatem
884 1526 1105 1575 riuulum
1139 1525 1307 1575 credas
1349 1525 1407 1574 de
1447 1523 2006 1575 fontibus-saluatoris?

205 1625 373 1660 reuera
407 1626 502 1673 quo
537 1611 942 1676 dirigam'nescio
974 1610 1023 1659 in
1055 1612 1194 1659 tanta
1223 1609 1500 1674 frequentia
1531 1608 1776 1658 eiusmodi
1806 1623 2005 1668 uocum,

203 1699 457 1760 tamquam
489 1697 536 1745 in
570 1697 699 1746 silua
729 1698 811 1746 uel
841 1697 889 1746 in
919 1698 1057 1763 prato
1092 1697 1172 1761 uel
1202 1696 1250 1744 in
1282 1710 1480 1745 nemore
1504 1709 1779 1759 pomorum.
1818 1693 2006 1756 passim

202 1783 352 1845 prout
388 1781 564 1831 incidit
608 1797 686 1832 res
741 1782 951 1845 petenda
1003 1784 1092 1832 est.
1147 1781 1384 1830 inclamat
1435 1780 1682 1844 psalmus:
1743 1778 2006 1828 iudicate

205 1866 439 1930 pupillo
494 1869 552 1917 et
602 1867 866 1917 mendico
924 1870 977 1917 et
1030 1866 1307 1916 humilem
1364 1867 1418 1915 et
1473 1879 1789 1929 pauperem
1847 1864 2006 1913 iuste

204 1954 479 2012 tractate,
541 1952 795 2002 liberate
855 1967 1170 2018 pauperem
1225 1954 1280 2001 et
1332 1950 1664 2000 mendicum
1721 1949 1784 1999 de
1837 1964 2007 1997 manu

206 2038 541 2101 peccatoris
604 2037 808 2088 eruite.
869 2038 990 2087 item
1044 2038 1268 2103 psalmus
1330 2036 1733 2101 septuagesimus
1792 2035 2008 2099 primus:

204 2123 448 2172 iustitia
501 2123 797 2174 iudicabit
847 2123 1151 2173 mendicos
1203 2122 1410 2187 populi
1463 2124 1519 2171 et
1569 2121 1752 2171 faciet
1805 2120 2007 2170 saluos

205 2207 371 2257 filios
429 2223 764 2272 pauperum,
827 2211 875 2258 et
925 2209 974 2258 in
1028 2208 1354 2272 sequentibus
1409 2206 1468 2256 de
1524 2206 1747 2257 Christo:
1810 2219 2007 2254 omnes

205 2293 478 2344 nationes
527 2293 792 2343 seruient
839 2293 905 2354 ei,
951 2323 1017 2328 -—
1063 2293 1229 2350 Dauid
1274 2294 1441 2343 autem
1478 2293 1563 2341 uni
1603 2291 1739 2357 genti
1777 2291 2008 2340 Iudaicae

204 2379 437 2443 praefuit,
475 2394 532 2428 ne
566 2379 650 2443 qui
681 2379 730 2428 in
763 2379 926 2429 Dauid
956 2382 1101 2444 putet
1131 2379 1338 2441 dictum,
1378 2378 1493 2443 quia
1524 2380 1573 2427 et
1601 2378 1686 2427 ille
1720 2378 2011 2441 susceperat

205 2464 418 2534 humiles
467 2466 516 2513 et
560 2464 942 2514 necessitatibus
989 2464 1270 2514 laborantes
1321 2493 1383 2499 -—
1432 2462 1585 2527 quod
1637 2461 2008 2521 liberauerit,

204 2548 381 2613 inquit,
416 2565 443 2599 a
474 2548 722 2614 dynasta
751 2549 1103 2608 mendicum;
1143 2551 1346 2614 parcet
1375 2547 1643 2598 mendico
1678 2549 1734 2597 et
1763 2546 2011 2611 pauperi

207 2637 262 2682 e‘t
309 2634 532 2683 animas
572 2650 893 2700 pauperum
933 2635 1140 2685 *saluas
1186 2633 1385 2694 faciet,
1433 2648 1495 2682 ex
1540 2647 1717 2683 usura
1766 2636 1821 2681 et
1865 2631 2010 2680 111111--

346 2786 385 2839 3]
417 2785 517 2826 Luc.
549 2786 585 2835 6,
620 2786 685 2827 20.
718 2786 887 2839 (Matth.
921 2790 957 2835 5,
992 2785 1045 2837 3.)
1155 2787 1197 2839 7]
1229 2786 1298 2826 ΡΞ.
1330 2786 1397 2834 44,
1431 2786 1469 2826 2.
1582 2785 1654 2841 14]
1686 2783 1736 2826 cf.
1768 2783 1839 2825 Es.
1874 2785 1938 2834 12,
1971 2785 2010 2825 3-

208 2858 273 2910 17]
304 2857 373 2898 Ps.
404 2857 470 2911 81,
501 2858 623 2899 3—4.
697 2859 765 2911 211
797 2858 868 2899 Ps.
894 2859 960 2908 71,
985 2858 1022 2898 4.
1098 2858 1167 2911 22]
1199 2858 1269 2898 Ps.
1303 2858 1367 2908 71,
1403 2857 1467 2898 11.
1527 2856 1595 2910 25]
1626 2856 1696 2897 Ps.
1730 2857 1796 2909 71,
1832 2856 2011 2897 12-14.

262 2943 285 2982 2
318 2942 496 2992 inducit,
530 2942 582 2984 ad
605 2944 728 2998 Ewy:
761 2943 927 2985 inducit
951 2942 1002 2985 ad
1023 2944 1152 2997 uulqo
1235 2945 1259 2986 5
1286 2944 1352 2984 dei
1375 2956 1550 2997 regnum
1572 2942 1637 2995 M,
1662 2955 1836 2995 regnum
1864 2941 1932 2982 dei
1955 2940 2010 2989 R,

207 3026 384 3066 regnum
418 3014 629 3056 coelorum
661 3015 775 3055 Pam
906 3016 928 3056 7
960 3015 1270 3056 benedictionis
1300 3014 1374 3063 Rss,
1405 3013 1777 3056 benedictionibus
1807 3013 1873 3063 M,
1904 3013 2014 3053 bene

207 3083 347 3137 dignis
370 3083 432 3126 ΕΙ
519 3085 736 3126 eructauit
755 3085 927 3140 (enim)
946 3085 1118 3127 NPam
1207 3086 1257 3127 10
1281 3085 1438 3126 ueteris
1461 3085 1573 3126 Iun:
1594 3084 1731 3125 ueteri
1752 3083 1849 3125 MR
1934 3083 2013 3123 mi-

206 3168 295 3195 rum
323 3156 455 3208 <est>
481 3156 593 3197 Pam
677 3157 722 3197 11
754 3159 832 3207 est,
855 3170 930 3211 per
951 3157 1084 3210 uulyo
1171 3156 1403 3198 dictionem
1429 3169 1593 3210 semper
1612 3156 1744 3208 uulyo
1806 3155 1855 3195 12
1881 3167 2013 3207 usque

206 3244 259 3260 =
283 3223 443 3279 semper
528 3228 581 3268 23
608 3228 888 3281 parenthesin
911 3227 1131 3271 indicaui:
1164 3227 1214 3269 ei.
1245 3227 1389 3268 Dauid
1417 3227 1551 3280 uulyo
1638 3226 1775 3280 geniti
1804 3225 1863 3265 M
1887 3227 2012 3276 (corr.

206 3309 259 3337 m.
291 3299 332 3349 1)
455 3297 508 3339 24
540 3311 592 3339 116
625 3300 698 3351 qui
728 3297 858 3348 MR1‚
889 3311 942 3339 ne
975 3298 1068 3352 quis
1098 3297 1161 3339 R³
1276 3299 1328 3340 25
1359 3298 1618 3340 liberauerat
1646 3310 1762 3349 susp.
1792 3296 1894 3349 Em]
1924 3295 2014 3348 (sed

210 3366 321 3421 quod
353 3368 452 3421 quia
483 3382 573 3410 cum
607 3369 886 3411 coniunctiuo
915 3370 1091 3422 saepius
1121 3371 1366 3420 occurrunt)
