2248 3646
194 263 297 313 400
573 254 762 306 Quinti
796 253 1025 309 Septimi
1057 253 1330 296 Florentis
1364 254 1696 298 Tertulliani

191 431 550 484 prosperare
593 417 650 465 et
681 429 888 480 regna:
930 413 1204 464 extendens
1239 430 1523 465 sermonem
1555 416 1605 466 in
1640 433 1840 467 omnem
1874 420 2060 468 terram

195 506 255 557 ad
295 506 651 556 uniuersarum
703 502 936 569 gentium
982 502 1324 563 uocationem,
1375 507 1768 569 prosperaturus
1816 521 2061 557 successu

193 594 328 655 fidei,
371 610 470 659 qua
509 595 588 643 est
625 593 880 656 1·ecept11S‚
924 593 974 641 et
1011 606 1228 657 regnans
1271 591 1462 653 exinde,
1505 607 1603 655 qua
1640 596 1857 643 mortem
1897 610 2061 645 resur-

193 683 418 733 rectione
468 680 675 731 deuicit;
733 682 790 729 et
846 677 1107 728 deducet
1145 681 1219 735 te,
1274 678 1456 743 inquit,
1505 679 1768 730 mirifice
1818 680 2062 732 dextera

193 775 311 835 tua,
353 770 519 820 uirtus
562 768 760 818 scilice-t
795 766 987 832 gratiae
1023 766 1283 832 spiritalis,
1324 783 1422 832 qua
1457 766 1647 818 Christi
1680 768 1871 835 agnitio
1907 769 2060 820 dedu-
2110 788 2130 817 5

194 860 340 910 citur.
396 856 666 922 sagittae
715 857 853 905 tuae
904 857 1136 914 acutae,
1191 854 1510 918 peruolantia
1556 856 1745 919 ubique
1793 861 2064 923 praecepta

193 950 243 997 et
282 946 448 996 minae
490 947 539 994 et
577 942 925 994 traductiones
960 941 1143 992 cordis,
1187 945 1587 1009 compungentes
1622 946 1672 992 et
1702 943 2063 1010 transfigentes

194 1034 559 1087 conscientiam
616 1047 888 1097 quamque.
944 1029 1156 1096 populi
1213 1030 1320 1081 sub
1377 1033 1433 1079 te
1488 1031 1825 1093 concident,
1882 1033 2061 1098 utique

192 1123 476 1174 adorantes.
520 1121 592 1171 sic
633 1119 942 1184 bellipotens
985 1120 1035 1168 et
1075 1117 1294 1184 armiger
1326 1117 1562 1170 Christus
1604 1119 1862 1182 creatoris,
1907 1120 1979 1171 sic
2013 1125 2063 1171 et

191 1226 325 1261 nunc
365 1209 620 1274 accipiens
664 1206 844 1271 spolia,
885 1222 981 1256 non
1024 1205 1184 1256 solius
1223 1205 1477 1256 Samariae
1518 1223 1698 1257 uerum
1740 1209 1791 1258 et
1829 1208 2056 1259 omnium
2093 1226 2132 1257 ιο

192 1298 440 1366 gentium.
490 1311 710 1363 agnosce
752 1298 802 1345 et
843 1294 1008 1361 spolia
1046 1293 1281 1361 figurata,
1332 1294 1477 1346 cuius
1521 1298 1570 1345 et
1610 1311 1746 1345 arma
1787 1295 2063 1362 allegorica

192 1385 434 1438 didicisti.
474 1385 689 1451 figurate
728 1383 901 1448 itaque
945 1386 995 1432 et
1034 1381 1240 1432 domino
1282 1382 1537 1433 eiusmodi
1573 1384 1815 1448 loquente
1855 1386 1906 1433 et
1946 1400 2062 1450 apo-

191 1476 325 1526 stolo
380 1473 650 1535 scribente,
703 1487 800 1522 non
856 1473 1048 1521 temere
1109 1470 1616 1535 interpretationibus
1679 1470 1789 1521 eius
1850 1471 2061 1533 utimur,

191 1578 405 1629 quarum
433 1561 662 1626 exempla
688 1560 838 1610 etiarn
867 1558 1147 1609 aduersarii
1173 1557 1470 1618 admittunt,
1504 1561 1656 1623 atque
1682 1559 1754 1609 ita
1777 1558 1827 1611 in
1859 1561 2060 1609 tantum

190 1651 372 1702 Esaiae
415 1650 509 1700 erit
549 1648 785 1700 Christus
829 1647 916 1711 qui
955 1646 1114 1707 uenit,
1162 1646 1211 1695 in
1255 1649 1503 1710 quantum
1544 1662 1640 1697 non
1682 1647 1782 1698 fuit
1826 1647 2056 1709 bellator,
2090 1666 2129 1696 15

192 1739 311 1805 quia
349 1755 449 1790 non
489 1737 608 1788 talis
651 1738 711 1787 ab
751 1735 904 1786 Esaia
943 1734 1284 1799 praedicatur.

267 1827 349 1878 15.
400 1825 475 1875 De
525 1824 827 1890 quaestione
876 1822 1038 1873 carnis
1089 1824 1139 1872 et
1184 1837 1273 1886 per
1319 1837 1428 1871 eam
1479 1821 1768 1872 natiuitatis
1818 1823 2058 1873 etunius

191 1914 397 1965 interim
437 1911 654 1964 nominis
688 1909 1078 1961 Emmanuhelis
1111 1909 1395 1975 hucusque.
1428 1909 1488 1959 de
1524 1909 1705 1960 ceteris
1738 1925 1859 1960 uero
1899 1910 2059 1960 nomi-

190 2003 356 2066 nibus,
398 2004 449 2052 et
486 2000 720 2067 inprimis
771 1998 978 2059 Christi,
1030 1997 1151 2063 quid
1191 2013 1306 2064 pars
1350 1997 1556 2048 diuersa
1605 1997 1969 2063 respondebit?
2017 1997 2060 2049 si

190 2090 396 2158 proinde
438 2104 708 2140 commune
750 2090 829 2138 est
867 2085 1002 2152 apud
1042 2101 1136 2136 uos
1172 2085 1361 2137 Christi
1401 2101 1583 2136 nomen
1625 2085 2054 2151 quemadmodum
2086 2105 2128 2136 20

193 2183 244 2229 et
291 2179 388 2240 dei,
443 2179 503 2228 ut
551 2177 625 2228 sic
672 2175 943 2240 utriusque
992 2174 1071 2224 dei
1117 2172 1282 2224 filium
1331 2172 1595 2224 Christum
1643 2176 1902 2239 competat
1940 2173 2058 2233 dici,

191 2268 327 2319 sicut
363 2269 639 2331 utrumque
678 2266 874 2331 patrem
916 2263 1083 2323 deum,
1125 2264 1261 2312 certa
1299 2261 1428 2312 ratio
1468 2261 1589 2311 huic
1630 2262 2058 2328 argumentationi

188 2354 544 2421 refragabitur.
586 2353 667 2404 dei
700 2351 834 2402 enim
866 2366 1066 2411 nomen,
1109 2349 1255 2415 quasi
1286 2350 1518 2400 naturale
1551 2349 1854 2409 diuinitatis,
1887 2352 2059 2416 potest

190 2444 241 2494 in
291 2459 467 2494 omnes
516 2440 900 2501 communicari,
950 2439 1136 2505 quibus
1185 2438 1428 2488 diuinitas
1476 2437 1785 2499 uindicatur,
1834 2438 1968 2489 sicut
2007 2441 2059 2489 et

189 2530 360 2591 idolis„
418 2530 617 2580 dicente
667 2527 924 2594 apostolo:
979 2542 1108 2576 nam
1165 2528 1222 2576 et
1278 2527 1421 2576 sunt
1474 2525 1575 2590 qui
1630 2525 1918 2576 dicuntur
1973 2526 2056 2577 dii
2085 2542 2127 2575 25

194 2619 326 2670 siue
372 2619 428 2669 in
480 2618 646 2668 caelo
696 2617 826 2667 siue
872 2616 929 2666 in
979 2615 1180 2677 terriS,
1224 2614 1415 2666 Christi
1456 2630 1578 2665 uero
1619 2629 1820 2673 nomen,
1861 2630 1956 2665 non
2000 2631 2056 2671 ex

191 2709 371 2757 natura
409 2706 619 2757 ueniens
661 2705 752 2755 sed
792 2720 849 2755 ex
888 2703 1243 2770 dispositione,
1289 2702 1551 2767 proprium
1593 2701 1703 2752 eius
1743 2701 1979 2764 efficitur,
2028 2719 2056 2753 a

194 2811 292 2861 quo
341 2794 651 2861 dispositum
698 2792 975 2852 inuenitur,
1030 2806 1121 2842 nec
1165 2791 1216 2841 in
1266 2790 1778 2841 communicationem
1826 2790 1914 2840 alii
1961 2790 2053 2841 deo

337 2994 379 3050 4]
413 2993 485 3035 ps.
519 2993 589 3047 44,
623 2993 662 3035 5.
753 2991 794 3047 6]
827 2992 898 3033 ΡΞ.
931 2993 1002 3044 44,
1027 2993 1075 3034 ,6.
1165 2991 1210 3041 s]
1242 2991 1302 3033 ib.
1394 2991 1467 3046 25]
1501 2989 1523 3032 1
1557 2989 1653 3032 cor.
1687 2991 1726 3041 s,
1760 2991 1799 3032 5.

249 3112 276 3152 4
302 3109 549 3151 deducetR
569 3109 650 3160 (sic
673 3114 713 3151 et
733 3108 784 3163 ize
809 3108 903 3149 loco
924 3107 1104 3161 yemello
1128 3107 1221 3150 cod.
1239 3107 1408 3160 Fata),
1436 3105 1616 3148 deducit
1631 3105 1691 3146 M
1746 3105 1770 3146 6
1792 3104 1944 3159 utique
1966 3105 2054 3148 Lat

195 3186 218 3226 7
244 3184 387 3225 minae
414 3185 458 3224 et
481 3181 782 3231 traductiones
799 3180 912 3227 MR.
931 3181 1146 3222 minantes
1163 3179 1485 3222 traductionem
1506 3179 1624 3220 Pam
1648 3182 1718 3230 (ex
1743 3178 1836 3220 loco
1857 3178 2051 3232 yemello,

193 3258 268 3313 qui
277 3257 432 3312 potius
447 3256 552 3298 hinc
566 3253 807 3305 sanandus
820 3254 932 3296 mihi
944 3253 1141 3307 uidetur)
1214 3253 1525 3307 transfigentes
1543 3252 1601 3293 M
1599 3250 1674 3300 131,
1691 3250 2052 3305 transfigurantes

194 3329 257 3373 113³
288 3333 449 3385 (errore
486 3328 764 3384 typothetico,
802 3332 853 3368 ut
889 3327 1086 3379 uidetur)
1178 3326 1226 3367 11
1269 3325 1506 3380 allegorica
1544 3322 1677 3378 MR³‚
1717 3324 1950 3378 allegorice
1989 3323 2052 3366 R²

195 3404 246 3445 21
281 3404 342 3445 sic
371 3402 553 3455 scripsi:
585 3402 698 3444 sicut
728 3400 829 3442 MR
932 3401 986 3442 22
1019 3401 1134 3441 sicut
1162 3398 1342 3454 scripsi:
1374 3399 1435 3440 sic
1467 3398 1566 3441 MR
1714 3396 1840 3439 deum
1872 3397 2051 3450 scripsi.-

195 3476 417 3517 dominum
448 3474 547 3517 MR
673 3475 793 3515 certa
822 3472 953 3524 MR¹‚
987 3475 1103 3515 certe
1134 3471 1198 3515 13³
1212 3472 1346 3525 uulyo
1451 3470 1506 3512 28
1537 3470 1770 3512 inuenitur.
1803 3482 1883 3511 nec
1912 3469 2047 3524 παῖ-90
