2248 3646
71 1233 109 1264 10

68 1660 105 1689 15

68 2086 108 2117 20

66 2513 106 2542 25

483 291 575 331 VII.
607 290 871 331 Aduersus
902 289 1215 331 Marcionem
1246 288 1318 330 lib.
1350 288 1394 330 ΙΙ
1424 290 1603 331 27--29,
1849 293 1950 342 375

142 464 235 498 non
266 448 559 513 ignorasset,
599 449 648 494 et
679 445 736 495 ab
768 445 910 494 initio
946 444 989 493 ei
1022 444 1334 494 occurrisset.
1375 444 1615 494 delictum
1654 451 1703 495 et
1740 449 1949 496 mortem

144 537 192 582 et
236 533 402 597 ipsum
450 533 703 580 auctorem
751 529 921 579 delicti
968 529 1222 579 diabolum
1268 531 1318 578 et
1364 544 1505 578 omne
1558 530 1764 591 malum,
1819 532 1951 594 quod

144 618 263 668 deus
295 631 437 667 meus
467 630 647 679 passus
681 618 758 664 est
790 630 915 675 esse,
955 614 1049 664 1106
1082 616 1131 663 61
1159 616 1295 669 111113,
1337 614 1420 678 qui
1446 614 1588 663 illum
1627 615 1731 678 pati
1769 631 1949 679 passus

144 706 234 753 est.
286 701 506 752 mutauit
557 700 833 750 sententias
888 715 1004 749 suas
1059 699 1180 748 deus
1226 702 1409 749 noster.
1461 700 1666 763 proinde
1714 716 1861 763 quam
1903 704 1951 750 et

141 791 322 838 uester.
378 787 463 850 qui
516 786 645 836 enim
698 801 854 851 genus
907 784 1179 834 humanum
1232 786 1335 833 tam
1389 799 1496 834 sero
1550 785 1781 848 respexit,
1843 801 1951 835 eam

141 873 438 924 sententiam
470 872 707 931 mutauit,
747 886 842 934 qua
874 872 1011 919 tanto
1053 885 1176 919 aeuo
1216 885 1310 918 non
1349 870 1578 932 respexit.
1619 870 1866 934 paenituit
1902 872 1949 919 in

141 958 304 1020 aliquo
339 956 485 1006 deum
524 958 762 1005 nostrum.
804 954 891 1004 sed
930 957 978 1004 et
1016 957 1257 1003 uestrum.
1299 969 1353 1003 eo
1394 954 1538 1013 enim,
1580 954 1713 1018 quod
1751 955 1949 1006 tandem

139 1041 490 1091 animaduertit
528 1040 586 1090 ad
625 1040 840 1090 hominis
880 1041 1109 1100 salutem,
1141 1039 1493 1104 paenitentiam
1534 1039 1950 1090 dissimulationis

137 1127 374 1191 pristinae
406 1127 538 1186 fecit,
573 1125 790 1175 debitam
823 1124 953 1174 malo
985 1124 1133 1175 facto,
1174 1139 1315 1188 porro
1355 1126 1545 1174 malum
1576 1125 1764 1174 factum
1800 1125 1949 1190 depil—

138 1213 326 1262 tabitur
356 1211 674 1276 neglegentia
705 1210 883 1260 salutis
916 1210 1175 1270 humanae,
1215 1225 1310 1259 non
1342 1210 1439 1258 nisi
1469 1225 1556 1274 per
1593 1210 1948 1274 paenitentiam

140 1297 398 1347 emendata
429 1296 559 1361 apud
600 1296 746 1345 deum
785 1299 1029 1346 uestrum.
1066 1294 1324 1344 mandauit
1354 1295 1576 1344 fraudem
1612 1295 1733 1345 deus
1764 1299 1947 1357 noster,

138 1382 225 1432 sed
271 1382 377 1431 auri
424 1385 473 1430 et
518 1381 723 1445 argenti.
779 1383 961 1443 quanto
1010 1383 1176 1428 autem
1221 1379 1368 1428 homo
1417 1379 1680 1443 pretiosior
1728 1396 1844 1430 auro
1901 1385 1950 1430 et

138 1469 356 1532 argento,
396 1469 533 1515 tanto
566 1465 928 1515 fraudulentior
959 1464 1080 1513 deus
1118 1466 1301 1523 uester,
1342 1465 1426 1527 qui
1463 1464 1716 1515 hominem
1750 1466 1946 1517 domino

139 1556 187 1602 et
231 1552 406 1602 factori
451 1567 540 1601 suo
583 1552 740 1614 eripit.
789 1551 992 1600 oculum
1038 1565 1123 1614 pro
1165 1551 1308 1599 oculo
1347 1550 1566 1618 reposcit
1604 1550 1726 1601 deus
1764 1554 1946 1601 noster.

137 1638 222 1688 sed
256 1641 304 1687 et
334 1639 500 1686 uester
531 1637 695 1685 uicem
728 1636 995 1700 prohibens
1034 1635 1314 1685 iterabilem
1352 1636 1512 1700 magis
1550 1636 1784 1686 iniuriam
1814 1637 1947 1687 facit.

138 1722 249 1786 quis
289 1723 419 1771 enim
456 1736 551 1770 non
589 1736 764 1771 rursus
803 1721 1051 1784 percutiet
1087 1736 1181 1771 non
1220 1724 1577 1783 repercussus?
1615 1722 1794 1771 nesciit
1825 1722 1945 1771 deus

136 1811 321 1868 noster,
347 1807 519 1870 quales
538 1806 802 1871 adlegeret.
822 1821 936 1871 ergo
956 1821 1044 1855 1160
1063 1809 1242 1857 uester.
1260 1806 1434 1856 Iudam
1452 1806 1632 1871 <enim>
1655 1807 1945 1857 traditorem

137 1907 231 1943 non
264 1892 552 1957 adlegisset,
587 1892 629 1940 si
659 1891 973 1954 praescisset.
1006 1891 1047 1940 si
1081 1894 1130 1940 et
1160 1892 1426 1941 mentitum
1458 1892 1642 1941 alicubi
1669 1892 1790 1941 dicis
1818 1907 1947 1942 crea-

136 1981 311 2039 torem,
350 1978 497 2042 longe
536 1976 698 2026 maius
738 1976 1047 2025 mendacium
1091 1979 1167 2026 est
1202 1976 1250 2025 in
1289 1979 1376 2026 tuo
1412 1976 1626 2039 ChristO,
1660 1977 1802 2027 cuius
1844 1993 1944 2027 601·-

136 2079 230 2128 pus
262 2079 355 2113 non
393 2063 491 2113 fuit
529 2078 720 2112 uerum.
759 2062 947 2111 multos
988 2061 1200 2111 saeuitia
1240 2062 1318 2111 dei
1358 2063 1454 2111 mei
1493 2062 1787 2126 absumpsit.
1825 2066 1945 2113 111113

137 2162 332 2213 quoque
365 2147 487 2198 deus
521 2162 645 2211 quos
679 2147 847 2197 saluos
881 2162 975 2196 non
1006 2147 1127 2195 facit
1165 2147 1339 2209 utique
1376 2147 1425 2196 in
1467 2147 1671 2197 exitium
1712 2147 1945 2211 disponit.

136 2234 258 2286 deus
311 2248 453 2283 meus
507 2234 725 2296 aliquem
778 2231 931 2281 iussit
983 2232 1157 2281 occidi.
1226 2234 1345 2281 tuus
1401 2232 1728 2296 semetipsum
1781 2234 1946 2283 uoluit

133 2318 359 2380 interfici,
406 2334 500 2368 non
547 2318 712 2367 minus
759 2317 1011 2367 homicida
1055 2316 1104 2366 in
1152 2318 1479 2382 semetipsum
1519 2333 1665 2382 quam
1710 2319 1758 2366 in
1806 2334 1877 2378 eo,
1919 2335 1944 2367 a

135 2419 230 2469 quo
269 2404 424 2454 uellet
464 2403 639 2453 occidi.
678 2403 868 2452 multos
908 2405 1074 2451 autem
1116 2402 1358 2452 occidisse
1398 2402 1545 2451 deum
1587 2403 1692 2452 eius
1724 2404 1942 2467 probabo

135 2489 391 2539 Marcioni.
444 2503 556 2538 nam
601 2488 722 2537 fecit
766 2487 1070 2537 homicidam
1116 2489 1375 2551 populum,
1428 2488 1603 2551 utique
1647 2490 1943 2552 periturum,

134 2575 229 2628 nisi
263 2574 305 2624 si
335 2574 459 2623 nihil
490 2574 703 2637 deliquit
733 2573 780 2621 in
815 2572 1084 2622 Christum.
1128 2573 1214 2622 sed
1253 2573 1477 2637 expedita
1516 2574 1678 2623 uirtus
1716 2575 1943 2624 ueritatis

133 2659 307 2724 paucis
348 2661 495 2708 amat.
534 2659 695 2707 multa
731 2657 988 2709 mendacio
1030 2661 1173 2707 erunt
1209 2659 1503 2708 necessaria.

205 2746 284 2794 29.
303 2743 534 2794 Ceterum
557 2744 693 2807 ipsas
718 2758 914 2807 quoque
940 2743 1202 2793 antithesis
1219 2743 1486 2793 Marcionis
1513 2744 1792 2794 comminus
1820 2745 1940 2794 6661-

135 2831 335 2891 dissem,
377 2830 419 2878 si
451 2830 729 2893 operosiore
762 2829 1101 2879 destructione
1142 2844 1310 2878 earum
1343 2832 1511 2894 egeret
1550 2829 1769 2879 defensio
1811 2845 1940 2879 crea-

246 2941 286 2994 6]
307 2940 356 2981 cf.
377 2938 480 2981 Gen.
498 2940 536 2987 6,
555 2940 592 2981 6.
654 2939 720 2992 11]
742 2938 792 2979 cf.
811 2937 940 2979 Exod.
958 2938 996 2987 3,
1016 2939 1088 2987 22;
1110 2938 1174 2990 11,
1193 2939 1236 2987 2;
1257 2938 1323 2985 12,
1341 2938 1406 2979 35.
1469 2938 1534 2991 14]
1563 2938 1614 2979 cf.
1633 2938 1762 2980 Exod.
1787 2940 1854 2988 21,
1873 2941 1938 2980 24.

191 3027 215 3066 2
241 3026 351 3079 quod
382 3024 486 3067 Urs:
510 3038 633 3079 quem
657 3024 765 3073 MR,
794 3037 899 3078 quae
923 3024 1035 3065 Pam
1092 3026 1118 3065 4
1144 3038 1268 3077 quam
1292 3024 1358 3073 M,
1386 3038 1468 3078 qua
1491 3025 1532 3066 R
1592 3025 1615 3065 6
1639 3025 1683 3066 111
1709 3026 1851 3078 aliquo
1871 3027 1936 3072 M,

134 3098 234 3139 mali
265 3110 345 3151 quo
377 3096 431 3144 R,
462 3096 563 3137 mali
592 3096 636 3136 in
668 3096 809 3149 aliquo
841 3094 948 3137 RssG
964 3096 1096 3149 uulqo
1178 3097 1202 3136 9
1226 3096 1429 3149 pristinae
1453 3096 1562 3148 Rz'y:
1591 3097 1813 3149 pristinam
1840 3098 1936 3139 MR

139 3169 187 3210 16
211 3168 362 3209 nesciit
389 3167 492 3209 Urs:
515 3167 650 3208 nescit
666 3166 762 3208 MR
823 3167 873 3207 17
900 3167 1009 3208 enim
1035 3165 1136 3207 add.
1155 3166 1256 3219 Engy
1315 3167 1366 3207 23
1393 3180 1440 3206 60
1459 3166 1587 3214 MR1‚
1615 3180 1710 3208 eum
1728 3167 1789 3208 R³
1805 3170 1935 3221 uulqo

136 3240 189 3280 25
210 3238 464 3280 homicidam
492 3239 694 3292 populum
726 3238 902 3291 scripsi:
936 3237 1188 3279 homicidam.
1214 3237 1310 3279 MR
1381 3238 1433 3278 26
1466 3239 1549 3278 11131
1582 3239 1617 3278 31
1648 3239 1822 3291 scripsi:
1856 3241 1937 3280 nisi

139 3312 174 3350 si
204 3310 381 3364 populus
411 3309 508 3350 MR
587 3309 638 3350 27
670 3308 888 3370 mendacio
921 3308 1049 3358 MRss,
1079 3308 1302 3349 mendacia
1331 3307 1392 3350 R1
1479 3309 1531 3349 28
1565 3309 1796 3350 60111η1111113
1828 3311 1935 3362 MF,

142 3403 324 3443 cominus
345 3402 386 3444 R
402 3403 532 3456 uulyo
588 3448 590 3450 ,
613 3402 665 3442 29
697 3374 934 3454 operbsiore
959 3401 1016 3441 M
1042 3401 1071 3453 (i
1103 3400 1202 3442 add.
1226 3414 1277 3441 m.
1305 3404 1341 3452 1)
1459 3403 1604 3454 egeret
1627 3401 1681 3453 R,
1715 3406 1863 3454 ageret
1885 3403 1943 3443 M
