2248 3646
499 281 592 320 VII.
623 279 882 320 Aduersus
913 279 1219 319 Marcionem
1251 279 1324 322 lib.
1356 279 1597 321 11114—5.
1841 283 1936 330 431

149 454 258 486 rum
305 436 345 487 si
391 451 594 484 censum
639 434 876 497 requiras,
921 433 1116 482 facilius
1163 433 1491 497 apostaticum
1532 434 1754 483 inuenias
1794 450 1941 497 quam

152 521 498 587 apostolicum,
540 519 790 568 Marcione
829 520 1020 568 scilicet
1058 518 1306 567 conditore
1346 520 1427 567 uel
1465 519 1629 582 aliquo
1671 519 1728 568 de
1766 519 1943 567 Marci-

153 607 258 656 onis
309 605 544 655 examine.
598 604 786 653 faciunt
838 605 977 652 fauos
1032 605 1080 652 et
1124 618 1322 666 uespae,
1376 603 1564 652 faciunt
1610 604 1847 652 ecclesias
1896 606 1944 651 et

153 691 484 741 Marcionitae.
517 690 683 739 eadem
712 689 977 738 auctoritas
1004 689 1321 737 ecclesiarum
1348 690 1731 751 apostolicarum
1766 690 1943 737 ceteris

103 795 122 822 ⁵
154 792 348 840 quoque
393 775 783 838 patrocinabitur
828 774 1117 838 euangeliiS,
1174 786 1295 836 quae
1347 774 1550 835 proinde
1604 789 1688 837 per
1739 775 1849 822 illas
1898 778 1945 822 et

154 861 424 910 secundum
463 860 574 908 illas
614 860 870 919 habemus,
910 858 1141 907 Iohannis
1183 858 1289 907 dico
1329 862 1475 907 atoue
1507 859 1709 908 Mathei.
1748 859 1865 907 licet
1897 863 1946 906 01

152 946 349 995 Marcus
391 944 520 1007 quod
560 944 715 993 edidit
751 944 886 992 Petri
925 943 1223 1001 adfirrnetur,
1271 944 1411 992 cuius
1452 944 1689 1006 interpres
1730 944 1943 993 Marcus.

153 1045 260 1079 narn
304 1032 353 1079 et
388 1030 549 1078 Lucae
590 1030 838 1093 digestum
878 1029 1032 1077 Paulo
1072 1029 1349 1077 adscribere
1389 1029 1562 1078 solent.
1611 1030 1742 1092 capit
1780 1033 1942 1078 autern

153 1116 503 1180 magistrorum
543 1114 701 1162 uideri
741 1129 863 1177 quae
903 1114 1135 1176 discipuli
1174 1114 1547 1178 promulgarint.
1595 1115 1760 1178 itaque
1801 1117 1849 1163 et
1888 1115 1945 1161 de

86 1218 125 1248 ιο
155 1201 231 1249 1110
270 1200 490 1248 Marcion
528 1199 842 1264 flagitandus.
885 1199 1014 1262 quod
1054 1198 1251 1247 omissis
1294 1200 1362 1248 eis
1402 1199 1560 1247 Lucae
1600 1200 1766 1263 potius
1803 1199 1946 1248 insti-

155 1286 285 1344 terit,
341 1285 482 1347 quasi
528 1300 619 1333 non
674 1288 722 1332 et
766 1286 885 1333 haec
932 1284 1061 1346 apud
1101 1284 1334 1333 ecclesias
1375 1300 1400 1334 a
1438 1284 1707 1349 primordio
1747 1283 1947 1334 fuerint.

157 1369 569 1434 quemadmodum
604 1372 653 1418 et
682 1371 855 1420 Lucae.
898 1370 1065 1433 atquin
1102 1370 1218 1419 baec
1249 1371 1409 1434 magis
1444 1386 1470 1419 a
1499 1370 1766 1434 primordio
1792 1370 1946 1417 fnisse

157 1455 389 1504 credibile
429 1458 518 1513 001,
559 1458 616 1502 111
652 1454 825 1518 priora,
866 1470 962 1517 qua
993 1455 1277 1517 apostolica,
1317 1458 1372 1504 ut
1409 1470 1517 1503 curn
1559 1455 1682 1518 ipsis
1723 1454 1953 1504 ecclesiis-

157 1540 392 1589 dedicata.
446 1543 661 1588 ceterum
717 1540 859 1603 quale
913 1542 1004 1598 est,
1059 1540 1099 1588 si
1151 1540 1274 1588 nibil
1321 1540 1533 1603 apostoli
1579 1540 1853 1599 ediderunt,
1894 1542 1949 1587 ut

86 1642 124 1671 15
157 1625 390 1688 discipuli
426 1625 593 1688 potius
633 1624 888 1683 ediderint,
931 1625 1014 1687 qui
1052 1640 1140 1673 nec
1173 1624 1401 1688 discipuli
1436 1625 1639 1674 existere
1672 1624 1952 1688 potuissent

161 1711 264 1759 sine
317 1710 417 1758 ulla
470 1710 688 1759 doctrina
740 1710 1124 1774 magistrorum?
1184 1710 1352 1775 igitur,
1409 1710 1524 1758 dum
1579 1711 1771 1758 constet
1829 1710 1950 1757 baec

162 1811 355 1858 quoque
402 1795 531 1858 apud
578 1795 813 1843 ecclesias
858 1794 1030 1854 fuisse,
1079 1810 1164 1844 cur
1207 1811 1298 1844 non
1339 1796 1457 1843 haec
1498 1810 1692 1858 quoque
1730 1795 1948 1843 Marcion

161 1881 331 1944 attigit
356 1883 442 1928 aut
465 1880 782 1939 emendanda,
810 1881 850 1928 si
876 1880 1166 1929 adulterata.
1195 1884 1281 1929 aut
1304 1880 1628 1944 agnoscenda.
1663 1880 1704 1929 si
1728 1880 1950 1943 integra?

162 1981 273 2013 narn
320 1968 369 2014 et
413 1966 653 2029 competit
695 1969 764 2027 ut,
814 1967 855 2016 si
902 1967 986 2029 (1111
1024 1967 1337 2030 euangelium
1377 1966 1735 2030 peruertebant,
1784 1980 1951 2014 eorum

95 2064 136 2094 20
164 2051 323 2115 magis
370 2053 597 2100 curarent
647 2052 1028 2115 peruersionein,
1083 2067 1290 2115 (1110111111
1338 2052 1559 2100 sciebant
1605 2052 1950 2100 anctoritatem

165 2137 499 2200 receptiorem.
539 2136 646 2184 ideo
680 2141 729 2185 et
757 2137 1178 2200 pseudoapostoli,
1214 2137 1343 2200 quod
1374 2152 1459 2199 per
1487 2136 1668 2186 falsum
1702 2136 1963 2200 apostolos

163 2221 488 2271 imitarentur.
527 2221 575 2269 in
616 2226 851 2285 quantum
894 2238 1007 2287 ergo
1049 2223 1360 2271 emendasset
1398 2236 1520 2284 quae
1552 2221 1767 2271 fuissent
1796 2236 1956 2270 emen—

166 2307 337 2367 danda,
384 2306 426 2355 si
463 2306 677 2355 fuissent
714 2310 956 2371 corrupta,
1002 2307 1048 2355 in
1088 2310 1278 2355 tanturn
1320 2306 1631 2356 confirmauit
1668 2321 1760 2355 non
1800 2306 1956 2354 fuisse

167 2394 394 2454 corrupta
446 2406 567 2454 quae
621 2407 713 2440 non
766 2392 964 2455 putauit
1022 2393 1340 2441 emendanda.
1404 2392 1612 2454 denique
1673 2391 1969 2441 emendauit.

108 2486 149 2519 25
187 2476 317 2540 quod
362 2479 645 2539 corruptum
688 2478 1005 2526 existimauit.
1059 2478 1143 2526 scd
1189 2492 1275 2526 nec
1320 2477 1412 2526 hoc
1456 2477 1649 2535 meritc,
1703 2476 1818 2540 quia
1860 2492 1962 2525 non

168 2562 263 2610 fuit
323 2564 624 2624 corruptum.
685 2562 726 2610 si
786 2562 914 2611 enim
976 2562 1245 2624 apostolica
1304 2563 1496 2627 integra
1554 2563 1957 2619 decucurrerunt,

167 2647 329 2697 Lucae
368 2649 550 2707 autem,
598 2647 730 2710 quod
767 2650 844 2696 est
881 2648 1151 2697 secundum
1190 2663 1295 2707 1100,
1337 2648 1454 2696 adeo
1496 2647 1724 2712 congruit
1760 2648 1959 2712 regulae

170 2747 353 2790 eorum,
408 2734 465 2781 ut
516 2748 628 2781 cum
681 2733 780 2781 illis
836 2733 965 2797 apud
1018 2734 1252 2782 ecclesias
1299 2736 1508 2793 maneat,
1560 2734 1654 2782 iarn
1705 2735 1754 2781 01
1798 2733 1958 2781 Lucae

171 2819 364 2866 constat
399 2817 646 2884 integrum
681 2817 1020 2866 decucurrisse
1051 2833 1208 2880 usque
1238 2818 1295 2866 ad
1330 2818 1641 2882 sacrilegium
1674 2817 1970 2866 Marcionis„

100 2911 141 2942 ³⁰
173 2902 380 2964 denique
433 2902 518 2951 ubi
568 2917 744 2950 manus
796 2902 870 2951 illi
921 2902 1137 2951 Marcion
1192 2902 1376 2961 intulit,
1436 2907 1554 2951 tunc
1605 2903 1857 2952 diuersum
1913 2904 1959 2949 et

228 3110 253 3150 2
282 3111 491 3153 marcione
520 3111 578 3152 M
660 3112 685 3152 6
715 3113 843 3164 atque
872 3111 1032 3152 mathei
1060 3111 1169 3164 MF,
1203 3114 1245 3152 et
1273 3112 1482 3153 Matthaei
1509 3111 1698 3165 Ruulyo
1792 3111 1816 3151 8
1848 3110 1962 3162 capit

174 3185 313 3221 autem
342 3181 456 3223 Iun.-
486 3182 625 3235 capita
653 3180 782 3232 MR1,
812 3183 927 3234 capit
954 3181 1016 3223 R³
1132 3182 1182 3222 10
1213 3182 1315 3236 quid
1352 3183 1432 3224 Urs
1547 3183 1598 3224 18
1628 3180 1886 3235 ignoscenda
1908 3180 1960 3220 M

175 3252 225 3292 21
257 3253 604 3307 pseudoapostoli
626 3253 733 3303 MF,
765 3253 1078 3307 pseudapostoli
1104 3254 1291 3307 Ruulyo
1364 3254 1415 3294 26
1438 3255 1605 3307 integra
1628 3253 1736 3294 Lat.-
1767 3253 1963 3304 integrae

175 3322 240 3371 M,
268 3323 433 3376 integre
463 3323 650 3377 Ruulyo
765 3324 1089 3367 decucurrerunt
1118 3324 1228 3376 MR,
1259 3324 1531 3365 decurrerunt
1552 3324 1598 3365 F
1679 3325 1732 3364 29
1764 3323 1974 3363 ‹leonem--

174 3394 279 3434 risse
309 3393 417 3446 MR,
449 3394 680 3436 decurrisse
710 3394 757 3436 F
