2248 3646
271 218 374 267 428
642 212 827 264 Quinti
861 212 1087 267 Septimi
1118 211 1394 253 Florentis
1427 210 1751 254 Tertulliani

273 391 423 441 quam
458 375 684 426 docebat.
724 373 931 440 proinde
965 374 1008 424 si
1041 375 1091 424 et
1122 373 1543 439 pseudoapostoli
1573 373 1904 438 inrepserant,
1946 374 2126 426 horum

273 479 474 528 quoque
530 462 750 527 qualitas
807 461 942 513 edita
996 464 1090 524 est,
1154 461 1592 512 circumcisionem
1652 461 2022 513 uindicantium
2079 466 2127 513 et

271 550 508 601 Iudaicos
533 550 718 601 fastus
762 549 885 600 adeo
911 564 1008 600 non
1037 549 1096 599 de
1120 547 1513 613 praedicatione,
1545 548 1635 599 sed
1659 548 1719 599 de
1745 551 2127 601 conuersatione

273 653 299 687 a
337 637 497 690 Paulo
540 635 928 697 denotabantur,
971 651 1131 700 aeque
1172 635 1489 697 denotatum,
1532 635 1577 687 si
1616 635 1737 701 quid
1779 637 1838 687 de
1871 637 1962 688 deo
1996 654 2128 689 crea-

270 729 379 776 tore
435 728 523 775 aut
577 723 781 776 Christo
845 724 954 775 eius
1010 726 1278 774 errassent.
1339 723 1500 790 igitur
1561 723 1922 791 distinguenda
1983 728 2129 776 erunt

273 814 491 879 singula.
535 813 577 863 si
619 813 880 877 apostolos
913 811 1364 878 praeuaricationis
1399 813 1450 862 et
1481 811 1826 863 simulationis
1860 814 2128 877 suspectos

275 899 500 950 Marcion
549 899 724 950 haberi
772 899 1002 964 queritur
1051 914 1216 964 usque
1272 898 1334 948 ad
1389 898 1642 965 euangelii
1697 899 2129 965 deprauationem,

273 987 535 1039 Christum
566 986 667 1037 iam
702 989 926 1047 accusat,
968 986 1255 1037 accusando
1290 1002 1418 1051 quos
1452 985 1688 1037 Christus
1723 987 1893 1054 elegit.
1933 987 1976 1037 si
2007 1002 2128 1038 uero

272 1074 493 1139 apostoli
527 1074 733 1139 quidem
765 1074 1024 1140 integrum
1059 1073 1387 1141 euangelium
1421 1074 1760 1136 contulerunt,
1796 1075 1856 1125 de
1884 1075 1993 1125 sola
2017 1090 2128 1126 con-

269 1162 442 1213 uictus
475 1161 839 1227 inaequalitate
871 1160 1180 1227 reprehensi,
1214 1160 1638 1226 pseudoapostoli
1662 1163 1834 1212 autem
1858 1162 2129 1212 ueritatem

272 1266 447 1301 eorum
493 1250 933 1314 interpolauerunt
982 1249 1030 1299 et
1074 1248 1192 1299 inde
1233 1250 1353 1299 sunt
1390 1250 1562 1299 nostra
1603 1248 1819 1314 digesta,
1861 1249 1998 1314 quod
2037 1249 2130 1301 erit

270 1353 568 1404 germanum
591 1337 722 1387 illud
742 1337 1092 1402 apostolorum
1111 1336 1530 1395 instrumentum,
1553 1336 1688 1402 quod
1705 1337 1963 1388 adulteros
1982 1337 2130 1403 (non)

269 1442 478 1491 passum
514 1429 624 1477 est‘?
660 1425 796 1491 quod
826 1425 1047 1475 Paulum
1086 1423 1419 1475 inluminauit
1460 1426 1511 1474 et
1551 1424 1610 1474 ab
1646 1440 1700 1474 eo
1735 1424 1963 1475 Lucam?
2004 1425 2054 1474 at
2086 1425 2129 1474 si

268 1515 374 1564 tam
405 1514 638 1565 funditus
674 1513 898 1564 deletum
926 1515 1019 1575 est,
1045 1515 1104 1562 ut
1129 1512 1438 1578 cataclysmo
1466 1511 1683 1576 quodam
1708 1511 1779 1563 ita
1802 1511 2129 1562 inundatione

267 1601 587 1653 falsariorum
631 1602 979 1662 obliteratum,
1026 1601 1126 1651 iam
1176 1616 1294 1667 ergo
1335 1615 1427 1651 nec
1466 1600 1691 1651 Marcion
1731 1600 1887 1650 habet
1929 1615 2126 1650 uerumn

270 1693 357 1741 aut
405 1690 448 1740 si
494 1690 666 1756 ipsum
709 1690 804 1740 erit
849 1706 1048 1751 uerum,
1095 1688 1147 1739 id
1195 1691 1273 1739 est
1319 1689 1683 1754 apostolorum,
1727 1687 1863 1753 quod
1900 1687 2127 1738 Marcion

267 1776 419 1829 habet
445 1778 604 1841 solus,
631 1778 684 1828 id
710 1777 964 1843 quomodo
990 1780 1164 1828 nostro
1192 1778 1454 1836 consonat,
1475 1775 1609 1841 quod
1634 1791 1731 1826 non
1759 1775 2125 1841 apostolorum,

269 1865 358 1916 sed
383 1866 551 1916 Lucae
577 1865 827 1916 refertur?
854 1867 942 1915 aut
967 1864 1010 1918 si
1035 1880 1131 1915 non
1159 1863 1337 1915 statim
1362 1864 1529 1914 Lucae
1555 1862 1904 1929 deputandum
1924 1865 2002 1913 est
2027 1877 2125 1928 quo

266 1954 492 2005 Marcion
525 1953 704 2015 utitur,
747 1953 863 2018 quia
899 1955 1071 2004 nostro
1107 1956 1367 2014 consonat,
1409 1952 1609 2002 scilicet
1646 1951 1932 2001 adulterato
1974 1951 2126 2000 etiam

268 2042 401 2092 circa
439 2041 667 2103 titulum,
701 2044 927 2091 ceterum
970 2040 1319 2106 apostolorum
1361 2042 1454 2101 est,
1495 2040 1597 2089 iam
1630 2054 1747 2105 ergo
1790 2040 1839 2089 et
1876 2039 2124 2099 nostrum,

267 2129 404 2194 quod
441 2128 517 2181 illi
552 2130 814 2189 consonat,
848 2144 1006 2193 aeque
1039 2128 1388 2193 apostolorum
1422 2129 1515 2178 est.
1550 2126 1657 2177 <sed
1689 2126 2033 2177 adulteratum
2066 2126 2125 2175 de

265 2216 418 2268 titulo
446 2222 685 2282 quoque)
717 2218 763 2267 4.
794 2216 933 2266 funis
960 2232 1078 2283 ergo
1107 2215 1367 2266 ducendus
1396 2217 1474 2265 est
1507 2214 1845 2266 contentionis
1876 2213 1985 2279 pari
2009 2212 2125 2263 hinc

264 2304 381 2355 inde
413 2304 529 2355 nisu
560 2303 864 2355 fluctuante:
891 2319 983 2370 ego
1016 2320 1188 2354 meum
1214 2303 1324 2354 dico
1351 2319 1548 2365 uerum,
1574 2302 1800 2353 Marcion
1828 2317 2002 2367 suum;
2029 2316 2122 2367 ego

265 2393 540 2445 Marcionis
582 2392 791 2446 adfirmo
833 2393 1196 2454 adulteratum,
1236 2390 1465 2442 Marcion
1499 2406 1687 2441 meum.
1724 2390 1836 2454 quis
1868 2389 2000 2440 inter
2031 2404 2119 2438 nos

267 2481 643 2542 determinabit,
684 2481 785 2532 nisi
822 2481 1070 2548 temporis
1103 2480 1250 2542 ratiO,
1286 2480 1332 2531 ei
1363 2480 1714 2546 praescribens
1749 2478 2122 2539 auctoritatem,

267 2571 403 2636 quod
458 2570 720 2636 antiquius
773 2571 1107 2637 repperietur,
1165 2572 1215 2621 et
1271 2569 1315 2620 ei
1368 2568 1725 2635 praeiudicans
1782 2567 2122 2631 uitiationem,

267 2659 403 2725 quod
440 2659 700 2726 posterius
740 2660 1066 2709 reuincetur?
1105 2658 1155 2708 in
1189 2660 1439 2723 quantum
1472 2657 1606 2707 enim
1639 2656 1824 2707 falsum
1868 2654 2121 2720 corruptio

413 2761 452 2815 1]
487 2760 539 2803 ef.
575 2758 669 2802 Gal.
701 2761 743 2812 2,
774 2760 814 2802 4.
905 2760 946 2814 2]
981 2759 1034 2802 cf.
1068 2758 1163 2802 Gai.
1196 2760 1236 2809 2,
1270 2758 1397 2800 3v4.

326 2850 345 2891 1
380 2848 740 2904 pseudoapostoli
769 2846 881 2901 MF,
914 2847 1242 2902 pseudapostoli
1271 2846 1463 2901 Ruulyo
1590 2846 1615 2887 3
1647 2843 1788 2886 fastus
1820 2842 1951 2897 MR1,
1983 2841 2120 2884 fastos

264 2921 328 2965 R3
342 2921 476 2976 uulyo
555 2922 607 2963 10
624 2920 983 2976 pseudoapostoli
999 2919 1110 2974 MF,
1134 2918 1464 2975 pseudapostoli
1487 2917 1682 2973 Ruulyo
1752 2917 1800 2959 11
1830 2930 1913 2971 quo
1939 2919 2010 2967 (z
2027 2913 2121 2972 ubi)

263 2995 368 3050 Eny
429 2996 481 3036 12
505 3008 592 3036 non
625 2993 797 3046 addidi,
831 2994 1052 3036 adulteros
1085 3007 1260 3048 passum
1286 2994 1363 3042 est,
1392 2991 1506 3046 quod
1526 3024 1534 3032 .
1555 3025 1563 3033 .
1584 3025 1591 3032 .
1610 2990 1801 3032 Lucam?
1833 2990 1936 3044 Em]
1999 2990 2049 3031 13
2075 2992 2121 3032 at

263 3069 446 3123 scripsi:
471 3071 547 3110 aut
562 3067 661 3109 MR
731 3068 783 3109 14
807 3069 898 3109 tam
922 3066 1034 3117 MR,
1060 3067 1146 3108 iam
1162 3066 1266 3121 Eny
1344 3065 1392 3107 17
1411 3069 1516 3119 post
1539 3064 1655 3106 solus
1680 3064 1853 3118 siynum
1875 3063 2119 3116 imm-roya-

264 3142 400 3184 tionis
417 3141 560 3184 delewi
648 3139 695 3182 id
709 3141 895 3194 scripsi:
923 3142 967 3183 et
986 3139 1085 3182 MR
1154 3140 1209 3183 20
1235 3143 1425 3181 ceterum
1450 3140 1522 3192 (Ξ
1538 3138 1631 3192 sed)
1654 3136 1935 3179 Ciacconius:
1954 3138 2118 3178 cetero-

263 3228 357 3257 rum
373 3213 474 3259 MR
535 3215 585 3256 21
608 3217 686 3264 est,
706 3212 783 3255 sed
799 3214 933 3268 uulyo
1011 3212 1321 3268 sed—quoque
1342 3209 1600 3253 aduersarii
1614 3213 1741 3261 sunt5
1750 3212 1989 3263 propterea
2004 3207 2120 3249 male

256 3291 362 3342 post
401 3300 574 3342 quoque
615 3286 954 3342 distinguuntur
990 3286 1145 3341 capita
1292 3286 1345 3327 25
1380 3283 1691 3326 determinabit
1720 3282 1778 3336 R,
1811 3280 2120 3324 determinauit

263 3360 368 3403 MF
452 3361 505 3402 26
539 3360 745 3414 antiquus
776 3359 836 3402 M
951 3360 1224 3414 repperietur
1246 3358 1358 3409 ΜΕ,
1391 3355 1696 3412 reperieturR
1784 3355 1837 3397 27
1870 3353 2119 3396 reuincetur

261 3433 511 3475 inuenietur
540 3433 671 3482 MR¹‚
703 3426 950 3475 inue'nietur
983 3433 1062 3475 del.
1096 3432 1158 3475 R³

2161 1181 2202 1213 10

2162 1619 2200 1649 15

2157 2057 2198 2089 20

2155 2497 2195 2529 25
