2248 3646
176 157 398 210 XXVIII
930 152 1284 196 Praefatio.

177 314 506 383 Vaticanae1)
541 315 721 377 editae,
740 314 778 381 2)
812 314 1224 364 emendationum
1256 314 1500 365 maiorem
1533 317 1729 381 partem
1762 331 1818 366 ex
1849 316 2037 365 ‘uetere

176 403 368 454 codice'
393 403 717 468 desumptam
744 403 984 467 proterua
1015 401 1180 452 fronte
1207 401 1534 453 contendunt.
1569 401 1705 467 quod
1729 417 2038 467 quamquam

176 506 292 541 cum
325 490 544 542 Oehlero
585 504 674 554 pro
715 488 978 540 mendacio
1019 491 1144 555 puto
1187 488 1558 553 accipiendum,
1598 492 1769 540 tamen
1801 505 1899 540 non
1931 491 2038 540 tan-

173 580 284 628 tum
333 579 580 643 quantum
627 577 716 627 ille
758 576 954 627 detrahi
993 576 1150 626 uelim
1191 576 1362 627 Ursini
1409 576 1675 642 splendido
1715 576 1938 644 ingenio,
1985 577 2033 626 in

177 664 488 716 emendando
516 667 618 715 tam
645 663 802 726 felici,
835 665 894 714 ut
918 665 1118 730 praeter
1140 663 1439 714 Rhenanum
1473 666 1523 715 et
1544 664 1751 715 Iunium
1782 664 2037 715 neminem

172 755 278 803 tam
334 768 485 818 saepe
534 768 591 803 ex
639 751 927 803 coniectura
980 766 1159 802 uerum
1213 752 1474 803 inuenisse
1540 752 1826 804 existimem
1886 768 2035 818 quam

171 840 418 891 Fuluium
466 839 726 892 Ursinum.
784 869 852 876 —
900 838 1040 890 Usus
1082 840 1161 890 est
1201 841 1374 889 autem
1412 839 1672 906 Rigaltius
1711 841 1912 905 praeter
1952 855 2037 890 eos

174 943 300 992 quos
344 943 498 994 supra
537 926 800 977 nominaui
840 926 1044 977 codices
1086 927 1240 977 etiam
1281 927 1530 993 excerptis
1579 943 1633 978 ex
1676 927 1788 978 aliis
1830 927 2036 993 quibus-

172 1015 289 1066 dam
344 1015 606 1066 codicibus
663 1014 948 1079 scripturiS‚
1014 1030 1228 1080 quorum
1290 1015 1526 1065 notitiam
1579 1015 1731 1066 hodie
1785 1015 2033 1066 habemus

170 1103 378 1161 nullam,
434 1102 652 1168 margini
706 1102 945 1153 editionis
983 1102 1340 1152 Rhenanianae
1388 1104 1447 1153 ut
1491 1102 1697 1153 uidetur
1744 1102 2033 1169 adscriptis,

169 1190 219 1240 in
246 1190 433 1256 quibus
460 1189 799 1240 nominandus
830 1191 909 1241 est
933 1190 1088 1240 codex
1112 1189 1531 1253 DiuionensiS‚
1559 1190 1646 1256 qui
1672 1192 1860 1252 tamen,
1881 1205 2034 1255 quan-

169 1280 281 1328 tum
335 1294 392 1328 ex
446 1277 747 1342 parcissima
802 1277 912 1328 eius
967 1277 1213 1328 memoria
1258 1279 1382 1328 licet
1427 1277 1669 1340 iudicare,
1723 1279 1888 1328 malae
1934 1276 2034 1328 fuit

168 1369 334 1429 notae,
359 1368 418 1416 ut
441 1365 856 1437 recteiudicauit
880 1363 1147 1417 Oehlerus.
1176 1365 1235 1416 de
1262 1366 1583 1417 emendatore
1610 1368 1782 1417 autem
1806 1364 2031 1432 Rigaltio

169 1453 212 1504 si
234 1454 336 1503 iam
361 1453 624 1504 ferendum
655 1455 735 1504 est
764 1452 1032 1516 iudicium,
1073 1452 1125 1503 id
1159 1454 1203 1504 ei
1235 1453 1487 1520 imprimis
1518 1454 1661 1505 laudi
1692 1453 1849 1505 uelim
1883 1452 2029 1514 uerti,

169 1541 304 1607 quod
358 1541 613 1593 editorum
668 1541 895 1592 omnium
948 1541 1162 1608 primuS,
1217 1558 1278 1592 ne
1333 1541 1498 1593 dicam
1560 1542 1718 1606 solus,
1777 1541 2033 1608 perspexit

166 1628 463 1680 recentioris
488 1629 765 1680 memoriae
791 1629 992 1680 codices
1019 1645 1192 1681 omnes
1219 1630 1283 1681 ad
1306 1645 1463 1680 unum
1489 1631 1830 1681 correctorum
1848 1644 2030 1679 manus

166 1731 347 1781 passos
389 1715 569 1780 esse.3)
610 1732 710 1781 qua
750 1716 1043 1783 cognitione
1081 1717 1364 1768 instructus
1402 1717 1829 1783 interpolatorum
1858 1717 2031 1783 inepta

168 1806 457 1854 commenta
488 1804 571 1855 hic
604 1803 712 1854 illic
746 1803 912 1854 delere
945 1820 1103 1855 ausus
1138 1806 1232 1866 est,
1271 1804 1322 1854 in
1357 1804 1544 1870 quibus
1578 1807 1692 1856 ante
1724 1821 1842 1856 eum
1880 1820 2027 1855 nemo

167 1891 461 1953 offenderat,
505 1892 641 1942 sicut
673 1894 723 1941 et
753 1891 804 1941 in
847 1892 1145 1957 supplendis
1187 1893 1276 1954 eiS‚
1318 1908 1447 1958 quae
1478 1892 1676 1943 incuria
1704 1893 2027 1944 librariorum

164 1979 487 2030 intercidisse
511 1979 744 2044 putabat,
777 1979 1033 2045 prioribus
1061 1981 1321 2046 aliquanto
1356 1983 1437 2032 est
1467 1981 1722 2033 audacior.
1757 1981 1807 2031 in
1833 1981 2027 2033 coniec-

166 2066 317 2117 tando
343 2082 527 2132 parcus
556 2069 636 2118 est
668 2067 757 2118 sed
792 2067 915 2119 adeo
949 2067 1084 2129 felix,
1117 2070 1176 2118 ut
1209 2069 1618 2120 coniecturarum
1644 2069 1756 2120 eius
1780 2069 2025 2120 maiorem

165 2157 360 2220 partem
400 2154 531 2205 inter
568 2155 725 2206 uerba
763 2155 1107 2221 recipiendam
1149 2156 1459 2208 duxerimus,

236 2242 620 2293 Praetermissis
678 2258 801 2308 quas
860 2259 1078 2308 sequens
1134 2246 1273 2295 aetas
1328 2245 1451 2295 tulit
1499 2245 1767 2306 editioneS‚
1810 2245 2027 2297 Semle-

162 2330 393 2380 rianam
434 2329 546 2380 dico
586 2330 734 2381 Halis
777 2332 917 2382 annis
963 2332 1320 2384 1769—1776
1367 2333 1671 2400 impressam
1725 2335 1775 2384 et
1812 2333 2026 2401 Migni-

165 2432 331 2467 anam
371 2416 572 2485 (Patres
613 2417 759 2468 latini
799 2419 899 2470 uol.
931 2420 957 2470 Ι
990 2422 1041 2470 et
1078 2420 1164 2484 ΙΙ),
1208 2421 1397 2486 quippe
1439 2437 1566 2486 quae
1606 2423 1807 2472 tantum
1845 2437 1942 2472 non
1973 2421 2022 2471 in

164 2505 398 2556 omnibus
448 2505 730 2571 exprimant
775 2506 1049 2558 editionem
1102 2508 1518 2575 Rigaltianam‚4)
1573 2508 1635 2560 ad
1688 2508 2023 2560 nouissimam

238 2631 266 2685 1)
297 2630 533 2674 Adseruari
574 2633 713 2677 adhuc
751 2635 796 2676 in
832 2632 1051 2677 Vaticana
1088 2636 1432 2691 manuscriptum
1470 2637 1583 2679 illud
1629 2635 1735 2688 uidi,
1775 2649 2022 2692 comparare

162 2719 258 2747 cum
290 2705 505 2748 Wouweri
539 2707 731 2750 editione
763 2723 866 2764 prae
898 2709 1108 2764 temporis
1141 2711 1357 2765 angustiis
1389 2725 1475 2752 non
1506 2711 1645 2767 potui.

235 2778 266 2832 2)
300 2779 388 2821 Sub
421 2780 575 2822 titulo:
608 2781 686 2823 Ad
719 2781 767 2836 Q.
801 2781 919 2835 Sept.
951 2782 1183 2826 Florentis
1220 2784 1491 2826 Tertulliani
1527 2797 1664 2838 opera
1695 2783 2023 2826 emendationes

158 2851 431 2905 epidicticae.
478 2853 678 2896 Ioannes
724 2868 753 2896 a
806 2855 1009 2897 Wouwer
1055 2856 1359 2911 Francofurti
1405 2857 1468 2899 ad
1510 2857 1739 2900 Moenum.
1785 2856 2020 2912 Impendio

157 2923 508 2967 Rulandiorum.
546 2925 684 2981 Typis
714 2926 1022 2970 Richterianis
1051 2928 1317 2971 MDCXH.

233 2994 265 3048 3)
301 2996 354 3038 cf.
396 3010 505 3051 quae
546 2998 656 3040 dicit
692 2998 737 3040 in
778 2999 1070 3053 praefatione:
1114 3001 1242 3056 Quod
1277 3002 1318 3043 si
1354 3006 1550 3044 ueterum
1587 3003 1800 3045 librorum
1837 3001 2019 3058 (saeculi

158 3068 330 3111 scilicet
367 3070 587 3111 undecimi
630 3071 818 3125 codices)
859 3074 1054 3127 appelles
1083 3073 1234 3128 fidem.
1276 3074 1409 3116 etiam
1445 3079 1640 3117 ueterum
1677 3076 1892 3118 librorum
1921 3074 2018 3129 fide

143 3141 427 3190 falsissimae
457 3143 665 3186 lectiones
688 3144 972 3187 adseruntur.
996 3159 1103 3187 nam
1126 3151 1232 3188 sunt
1255 3152 1295 3189 et
1320 3147 1426 3188 libri
1453 3151 1619 3190 ueteres
1650 3146 2017 3202 deprauatissime

155 3215 351 3268 correcti,
382 3229 521 3271 neque
551 3216 651 3259 ulla
680 3231 777 3271 spes
806 3218 1082 3264 reducendae
1111 3233 1313 3273 unquam
1342 3220 1564 3273 ueritatis,
1602 3221 1694 3262 nisi
1731 3225 1821 3262 tam
1852 3224 2016 3262 ueteres

154 3289 486 3342 nanciscamur,
516 3293 567 3330 ut
596 3289 688 3331 sint
718 3290 915 3332 omnium
945 3295 1237 3335 correctorum
1269 3292 1544 3347 antiquitate
1573 3293 1848 3336 uetustiores.

228 3360 260 3412 4)
293 3360 390 3402 Non
426 3362 601 3403 omnino
636 3375 708 3404 eas
742 3377 764 3404 a
796 3376 864 3405 me
895 3364 1123 3419 neglectas
1157 3378 1250 3407 esse
1284 3364 1459 3408 docebit
1490 3368 1724 3421 apparatus
1756 3366 1945 3410 criticus
