2248 3646
104 1153 142 1183 10

100 1578 137 1609 15

100 2004 140 2037 20

100 2428 141 2460 25

666 212 735 255 VI.
767 213 1031 254 Aduersus
1061 213 1290 254 Praxean
1325 208 1503 251 19—21.
1883 212 1984 260 263

174 369 365 432 quando
404 368 688 418 nominatur
734 368 1016 433 singulam,
1065 383 1159 417 non
1197 366 1309 416 ideo
1350 366 1475 416 duos
1524 366 1643 415 deos
1682 366 1850 427 faciat,
1898 365 1987 415 sed

173 469 344 514 unum‚
385 454 476 502 hoc
514 453 642 516 ipsc,
684 453 819 516 quod
851 455 901 502 et
933 453 1055 503 deus
1089 467 1145 502 ex
1175 452 1366 501 unitate
1397 451 1555 515 patris
1587 452 1758 501 uocari
1789 451 1986 500 habeat.

241 539 323 587 20.
365 538 462 589 Sed
502 538 1022 604 argumentationibus
1062 553 1233 588 eorum
1272 536 1437 586 adhuc
1475 536 1799 586 retundendis
1840 551 1988 599 opera

172 623 451 687 praebenda
503 625 595 683 est,
657 623 700 673 si
758 623 877 687 quid
938 622 998 672 de
1050 622 1312 687 scripturis
1367 621 1428 670 ad
1489 621 1789 670 sententiam
1843 635 1986 670 suam

172 711 445 773 excerpent,
493 712 656 758 cetera
693 710 919 759 nolentes
959 708 1157 768 intueri,
1205 721 1330 770 quae
1379 708 1428 756 et
1463 707 1575 771 ipsa
1615 705 1843 770 regulam
1890 720 1988 755 ser-

171 796 305 854 uant,
347 797 398 842 et
436 792 636 857 quidem
677 793 817 843 saluo
862 793 1045 843 unione
1085 792 1366 842 diuinitatis
1408 794 1458 840 et
1494 791 1810 841 monarchiae
1850 793 1986 839 statu
2019 853 2021 855 ι

172 895 281 928 nam
323 879 458 929 sicut
500 879 547 928 in
594 879 852 930 ueteribus
897 878 1023 928 nihil
1069 878 1205 928 aliud
1248 880 1421 927 tenent
1467 892 1641 940 quam:
1689 891 1795 940 ego
1844 876 1986 925 deus

173 967 228 1014 et
265 964 418 1014 alius
457 967 694 1027 praeter
732 980 817 1013 me
856 980 964 1014 non
1006 967 1098 1024 est,
1139 964 1209 1012 ita
1240 963 1286 1012 in
1321 963 1578 1029 euangelio
1610 961 1988 1025 responsionem

173 1049 357 1098 domini
404 1048 464 1097 ad
510 1049 800 1112 Philippum
838 1051 1064 1098 tuentur:
1115 1064 1219 1113 ego
1261 1051 1317 1097 et
1355 1050 1524 1112 pater
1567 1062 1743 1095 unum
1784 1061 1987 1095 sumus

173 1138 242 1184 et:
285 1133 383 1197 qui
421 1150 507 1183 me
546 1134 789 1192 uiderit,
828 1134 988 1183 uidit
1027 1137 1085 1184 et
1128 1138 1355 1197 patrem
1398 1135 1448 1181 et
1487 1147 1590 1197 ego
1630 1133 1685 1181 in
1725 1134 1890 1195 patre
1932 1134 1989 1180 et

169 1222 336 1283 pater
373 1219 427 1268 in
466 1235 566 1268 me.
604 1220 681 1269 his
720 1220 882 1269 tribus
916 1220 1153 1283 capitulis
1184 1222 1349 1268 totum
1379 1219 1773 1268 instrumentum
1806 1217 1987 1266 utrius-

172 1320 264 1367 que
302 1304 592 1353 testamenti
631 1306 810 1355 uolunt
849 1304 1039 1365 cedere,
1088 1320 1201 1353 cum
1249 1306 1476 1367 oporteat
1522 1302 1799 1352 secundum
1844 1303 1988 1365 plura

169 1389 394 1453 intellegi
426 1390 674 1452 pauciora.
709 1389 797 1438 sed
827 1390 1083 1452 proprium
1114 1390 1207 1438 hoc
1240 1391 1318 1438 est
1349 1388 1572 1438 omnium
1604 1387 1986 1438 haereticorum.

170 1490 280 1522 nam
322 1474 437 1538 quia
475 1490 633 1538 pauca
673 1478 806 1536 sunt,
855 1490 980 1538 quae
1018 1475 1068 1524 in
1110 1475 1240 1524 silua
1283 1474 1507 1523 inuenire
1554 1476 1783 1537 possunt,
1830 1488 1989 1537 pauca

170 1559 409 1608 aduersus
450 1560 594 1624 plura
634 1560 907 1610 defendunt
946 1563 995 1609 et
1031 1560 1309 1625 posteriora
1347 1560 1589 1609 aduersus
1628 1559 1793 1623 priora
1832 1558 1988 1608 susci-

170 1645 327 1708 piunt.
367 1646 541 1710 regula
580 1648 747 1695 autem
788 1646 924 1695 omni
954 1645 1026 1695 rei
1064 1646 1123 1695 ab
1162 1645 1303 1695 initio
1338 1645 1614 1695 constituta
1650 1645 1700 1694 in
1737 1643 1988 1707 prioribus

171 1732 220 1778 et
270 1730 319 1778 in
373 1730 643 1794 (pluribus,
699 1734 749 1780 et
798 1731 874 1795 in>
926 1732 1204 1796 posteriora
1255 1731 1555 1795 praescribit
1606 1730 1784 1793 utique
1838 1731 1888 1778 et
1937 1728 1986 1776 in

168 1815 419 1877 pauciora.
1089 1867 1093 1875 ,,

240 1903 322 1950 21.
363 1901 545 1964 Aspice
584 1902 770 1965 itaque,
819 1905 1005 1965 quanta
1041 1901 1381 1965 praescribant
1426 1901 1520 1950 tibi
1557 1901 1706 1954 etiam
1752 1900 1801 1949 in
1841 1914 1986 1948 euan-

171 1986 298 2051 gelio
340 1990 451 2035 ante
491 1987 711 2051 Philippi
750 1986 1169 2036 consultationem
1204 1989 1254 2036 et
1292 1990 1405 2037 ante
1444 2001 1642 2036 omnem
1674 1987 1989 2051 argumenta·

169 2073 352 2121 tionem
401 2075 556 2123 tuam.
619 2076 669 2123 et
719 2073 768 2121 in
822 2073 996 2137 primis
1056 2072 1401 2138 ipsa'statim
1454 2073 1695 2136 praefatio
1749 2070 1986 2121 Iohannis

171 2158 585 2222 euangelizatoris
640 2158 964 2218 demonstrat,
1018 2157 1139 2221 quid
1190 2161 1320 2208 retro
1374 2158 1526 2207 fuerit
1580 2157 1665 2221 qui
1718 2172 1828 2206 caro
1882 2155 1989 2204 fieri

170 2243 407 2293 habebat:
446 2244 502 2292 in
550 2243 845 2307 principio
895 2245 1020 2292 erat
1067 2259 1273 2305 sermO,
1322 2247 1378 2294 et
1427 2259 1614 2293 sermo
1664 2245 1788 2292 era-t
1834 2240 1988 2304 apud

173 2329 356 2389 deum,
398 2332 454 2378 et
493 2329 634 2378 deus
676 2332 800 2378 erat
840 2344 1052 2388 sermo;
1095 2329 1188 2379 hic
1229 2333 1356 2379 erat
1393 2330 1450 2379 in
1490 2329 1790 2393 principio
1832 2326 1986 2392 apud

173 2414 361 2472 deum;
405 2416 595 2465 omnia
625 2431 726 2479 per
756 2415 951 2480 ipsum
982 2415 1144 2465 facta
1177 2418 1314 2466 sunt
1347 2418 1403 2465 et
1435 2416 1559 2465 sine
1597 2416 1726 2480 ipso
1761 2415 1985 2463 factum

171 2503 261 2548 est
298 2499 463 2549 nihi-l.
505 2516 618 2549 nam
658 2500 700 2549 si
739 2501 861 2549 haec
892 2515 986 2549 non
1029 2500 1172 2549 aliter
1203 2500 1362 2564 accipi
1399 2501 1520 2549 licet
1543 2515 1699 2565 *quam
1735 2499 1985 2563 quomodo

171 2585 355 2649 scripta
401 2589 532 2646 sunt,
579 2585 920 2646 indubitanter
966 2585 1094 2635 alius
1142 2585 1426 2635 ostenditur
1473 2587 1558 2650 qui
1603 2586 1756 2635 fuerit
1794 2600 1821 2634 a
1859 2584 1988 2649 prin-

311 2736 354 2788 7]
387 2734 455 2775 Es.
487 2736 554 2784 45,
587 2737 625 2777 5.
729 2735 771 2789 9]
804 2735 895 2776 Ioh.
933 2735 997 2788 io,
1029 2736 1094 2777 30.
1200 2736 1270 2789 io]
1303 2735 1395 2777 Ioh.
1432 2737 1495 2790 14,
1529 2739 1566 2778 9.
1695 2737 1784 2780 roh.
1822 2738 1885 2786 14,
1921 2738 1984 2778 11.

169 2805 240 2859 23]
273 2806 366 2847 Ioh.
400 2807 435 2856 1,
471 2807 587 2848 1-3,

226 2907 250 2946 3
282 2919 424 2946 eorum
456 2918 536 2948 om.
567 2906 615 2948 F
725 2910 750 2950 5
782 2921 889 2961 quae
920 2921 999 2949 om.
1031 2908 1078 2949 F
1190 2910 1214 2950 6
1246 2910 1364 2950 saluo
1395 2909 1462 2957 M,
1495 2910 1615 2950 salua
1644 2908 1732 2950 PF
1867 2912 1984 2949 statu

168 2976 343 3028 scripsi:
373 2979 527 3017 sonatu
550 2977 604 3027 F,
636 2978 778 3019 sonitu
799 2978 896 3019 PM
986 2980 1036 3021 10
1066 2979 1178 3020 uidit
1202 2979 1301 3020 PM
1330 2983 1455 3031 (corr.
1480 2981 1495 3020 i
1518 2980 1567 3021 in
1590 2993 1611 3021 e
1634 2992 1687 3021 m.
1715 2982 1776 3032 2),
1799 2979 1922 3020 uidet
1943 2979 1991 3020 F

173 3048 221 3087 12
253 3047 401 3089 cedere
425 3048 497 3093 R3.
530 3049 701 3092 credere
723 3050 921 3093 PMFR¹
1007 3053 1056 3092 13
1090 3055 1154 3092 est
1184 3051 1265 3092 hoc
1288 3050 1335 3092 F
1413 3053 1465 3093 14
1494 3052 1687 3093 inuenire
1716 3051 1831 3093 Iun:
1864 3052 1985 3093 inue-

168 3120 249 3161 niri
278 3120 586 3174 PMFreziqui
677 3123 726 3165 16
759 3123 811 3164 ab
841 3123 966 3165 initio
990 3124 1098 3172 PM,
1131 3137 1297 3176 semper
1328 3124 1378 3165 ab
1410 3124 1536 3165 initio
1568 3123 1616 3165 F
1702 3125 1750 3164 17
1775 3124 1984 3178 pluribus,

171 3197 214 3231 ct
228 3192 271 3232 in
289 3191 447 3232 addidi
515 3194 564 3235 18
582 3194 782 3247 pauciora
805 3193 910 3236 Urs.-
923 3195 1195 3249 paucioribus
1212 3194 1356 3236 PMF
1424 3196 1574 3248 utique
1594 3196 1695 3236 etin
1715 3195 1985 3248 paucioribus

168 3262 333 3304 secludi
367 3264 468 3305 uult
501 3264 615 3318 Eny,
651 3265 906 3318 improbans
943 3280 1054 3319 quae
1089 3279 1227 3319 supra
1266 3266 1423 3308 addidi
1510 3266 1564 3307 23
1604 3269 1695 3307 erat
1733 3266 1907 3308 uerbum
1947 3268 2011 3307 Pv
2041 3259 2043 3261 ’

172 3336 322 3383 (erasit
348 3335 392 3377 R
422 3339 461 3377 et
487 3337 790 3390 superscripsit
819 3340 972 3387 sermo)
