2248 3646
86 1157 124 1187 10

87 1582 122 1613 15

82 2010 121 2040 20

80 2437 120 2469 25

636 213 707 255 Vr.
739 213 1002 254 Aduersus
1036 214 1262 254 Praxean
1300 214 1476 254 11—12.
1871 217 1974 265 245

155 371 504 420 retractatibus
559 371 816 420 habemus.
879 371 956 420 his
1010 371 1177 433 itaque
1230 370 1419 434 pauciS,
1466 373 1632 420 tamen
1687 371 1970 432 manifeste,

156 455 410 505 distinctio
457 455 697 505 trinitatis
745 456 1027 519 exponitur:
1077 458 1153 505 est
1200 455 1331 504 enim
1368 455 1493 518 ipse,
1542 455 1627 519 qui
1665 457 1971 520 pronuntiat,

156 540 380 603 spirituS,
442 544 492 591 et
550 543 706 604 pater,
768 541 828 589 ad
883 556 1030 604 quem
1082 540 1386 604 pronuntiat,
1450 543 1499 590 et
1551 540 1703 600 filius,
1759 541 1818 590 de
1873 557 1969 605 quo

154 626 454 689 pronuntiat.
503 625 574 674 sic
622 628 671 674 et
721 628 900 684 cetera,
950 640 1074 688 quae
1122 640 1250 674 nunc
1299 625 1359 673 ad
1404 628 1593 689 patrem
1635 625 1694 674 de
1740 626 1841 675 filio
1889 627 1972 675 uel

155 709 214 758 ad
260 710 436 771 filium,
484 726 613 760 nunc
661 710 722 758 ad
766 710 927 759 filium
970 710 1029 759 de
1068 712 1205 774 patre
1246 711 1329 759 uel
1376 710 1437 759 ad
1486 712 1678 774 patrem
1726 707 1891 778 [nunc]
1949 727 1976 759 a

154 795 332 859 spiritu
371 795 771 859 pronuntiantur,
812 810 1218 858 unamquamque
1258 810 1522 859 personam
1555 796 1602 844 in
1636 811 1727 845 sua
1758 791 1975 860 proprie-

153 882 255 928 tate
295 880 622 929 constituunt.

229 967 306 1015 12.
356 965 408 1015 si
453 968 501 1014 te
550 965 712 1014 adhuc
759 981 997 1014 numerus
1045 966 1350 1015 scandalizat
1393 965 1631 1014 trinitatis
1689 965 1831 1028 quasi
1877 980 1972 1014 non

152 1065 360 1100 conexae
418 1051 466 1099 in
527 1051 719 1100 unitate
775 1045 1008 1114 simplici,
1064 1051 1340 1114 interrogo:
1406 1051 1651 1115 quomodo
1702 1050 1878 1099 unicus
1927 1053 1977 1099 et

154 1136 423 1200 singularis
454 1136 717 1199 pluraliter
748 1136 996 1199 loquitur:
1028 1137 1350 1186 faciamus
1384 1137 1697 1186 hominem
1731 1135 1802 1184 ad
1834 1136 1910 1184 i1n
1929 1151 1975 1184 a—

154 1221 357 1284 ginem
393 1223 451 1270 et
485 1221 997 1270 similitudinem
1030 1224 1329 1281 nostram,
1365 1237 1478 1270 cum
1512 1221 1742 1271 debuerit
1766 1221 1972 1271 dixisse:

152 1305 345 1355 ‘faciam
384 1306 636 1355 hominem
671 1306 731 1355 ad
762 1306 1035 1371 imaginem
1069 1309 1118 1356 et
1151 1307 1534 1356 similitudinem
1566 1313 1764 1367 meam',
1799 1310 1979 1371 utpute

153 1390 331 1440 unicus
379 1395 428 1440 et
475 1391 782 1456 singularis?
832 1392 920 1441 sed
974 1395 1022 1441 et
1067 1392 1115 1440 in
1172 1393 1523 1456 sequentibus:
1581 1407 1731 1441 ecce
1784 1392 1973 1441 Adam

152 1476 373 1525 factus
422 1479 521 1526 est
565 1479 889 1539 tamquam
937 1493 1095 1525 unus
1162 1493 1226 1526 ex
1280 1477 1462 1526 nobis
1518 1477 1649 1526 fallit
1696 1480 1782 1526 aut
1825 1477 1972 1535 ludit,

153 1555 223 1622 ut,
264 1576 376 1610 cum
417 1577 547 1610 unus
588 1565 636 1610 et
675 1562 813 1611 solus
854 1564 903 1610 et
941 1562 1211 1626 singularis
1253 1565 1403 1621 esset,
1445 1577 1709 1612 numerose
1748 1562 1975 1625 loquere»

151 1650 247 1696 tur.
296 1650 383 1695 aut
434 1647 680 1710 numquid
727 1648 918 1711 angelis
966 1647 1280 1711 loquebatur,
1328 1650 1385 1696 ut
1430 1648 1599 1697 ludaei
1647 1647 1970 1711 interpretan-

151 1735 246 1790 tur,
296 1733 413 1796 quia
451 1747 540 1782 nec
578 1732 677 1795 ipsi
715 1732 877 1781 filium
918 1735 1229 1797 agnoscunt?
1279 1749 1333 1781 an
1385 1734 1502 1796 quia
1539 1733 1646 1798 ipse
1686 1738 1790 1782 erat
1834 1735 1978 1796 pater

151 1815 285 1865 filius
319 1817 542 1881 spiritus
583 1816 694 1866 ideo
727 1816 973 1879 pluralem
1005 1833 1057 1866 se
1088 1820 1349 1881 praestans
1382 1818 1644 1881 pluraliter
1676 1819 1772 1867 sibi
1804 1819 1974 1881 loque-

151 1903 329 1951 batur?
360 1902 530 1962 immo,
566 1902 682 1965 quia
712 1902 810 1950 iarn
843 1902 1146 1951 adhaerebat
1178 1903 1251 1951 illi
1287 1900 1458 1969 [filius]
1505 1904 1722 1952 secunda
1747 1919 1975 1967 persona,

153 2004 311 2038 sermo
358 1988 537 2053 ipsius,
585 1990 635 2037 et
677 1988 843 2047 tertia,
900 1988 1106 2051 spiritus
1154 1990 1202 2037 in
1251 2004 1494 2048 sermone,
1548 1989 1659 2037 ideo
1714 1989 1976 2054 pluraliter

150 2074 514 2137 pronuntiauit:
570 2074 848 2123 ‘faciamus'
907 2077 956 2122 et
1003 2077 1256 2123 ‘nostram'
1298 2077 1347 2122 et
1391 2075 1587 2126 ‘nobis'
1636 2090 1749 2123 cum
1790 2075 1973 2138 quibus

151 2159 281 2208 enim
311 2159 526 2209 faciebat
555 2160 807 2209 hominem
833 2162 882 2208 et
909 2160 1092 2222 quibus
1118 2152 1335 2209 faciebat
1361 2160 1596 2219 similem,
1623 2158 1725 2208 filio
1754 2158 1971 2222 quidem,

152 2245 235 2308 qui
275 2246 379 2293 erat
407 2244 695 2294 induiturus
735 2245 1005 2302 hominem,
1049 2245 1229 2309 spiritu
1269 2261 1403 2305 uere,
1446 2246 1529 2308 qui
1563 2247 1666 2294 erat
1698 2244 1972 2294 sanctifica·

151 2333 294 2379 turus
343 2330 614 2389 bominem,
664 2331 806 2393 quasi
855 2345 969 2379 cum
1018 2331 1263 2380 ministris
1319 2333 1369 2379 et
1423 2332 1621 2381 arbitris
1671 2346 1727 2380 ex
1781 2330 1977 2378 unitate

149 2414 387 2464 trinitatis
454 2415 767 2478 loquebatur.
836 2415 1046 2478 denique
1110 2430 1322 2478 sequens
1392 2415 1640 2479 scriptura
1708 2414 1975 2479 distinguit

151 2500 279 2548 inter
321 2515 578 2563 personas:
626 2501 709 2564 <et
761 2500 932 2564 fecit>
988 2501 1130 2549 deus
1179 2500 1491 2561 hominem,
1541 2501 1607 2550 ad
1654 2500 1971 2564 imaginem

295 2611 362 2663 10]
397 2611 501 2652 Gen.
542 2614 571 2659 l,
605 2612 672 2654 26.
765 2612 832 2665 13]
868 2611 971 2652 Gen.
1006 2613 1044 2660 3,
1078 2612 1142 2653 22.
1234 2613 1304 2664 26]
1340 2611 1445 2653 Gen.
1482 2613 1516 2656 1,
1551 2613 1617 2654 27.

210 2697 227 2736 1
276 2696 479 2739 habemus
526 2696 739 2749 MFqu
785 2697 906 2748 (add.
952 2697 995 2739 R
1042 2711 1092 2738 esc
1133 2697 1457 2750 Hirsauyz'ensi)
1505 2696 1579 2750 131,
1633 2697 1866 2738 habeamus
1912 2696 1975 2737 R²³

150 2768 281 2820 ‘acoleo
396 2768 542 2821 paucis
573 2771 717 2808 tamen
748 2768 978 2808 manifeste
1012 2767 1231 2809 distinctio
1263 2769 1396 2821 uulyo
1511 2771 1654 2810 tamen
1679 2768 1789 2821 MF,
1821 2772 1908 2809 tam
1936 2769 1979 2808 P

151 2840 176 2879 4
207 2838 320 2879 duae
357 2839 426 2879 hic
462 2838 729 2879 recensiones
767 2840 1021 2880 commixtae
1059 2833 1286 2880 uidentur.-
1319 2840 1359 2890 1)
1399 2852 1508 2893 quae
1545 2840 1614 2880 uel
1654 2839 1708 2879 ad
1739 2839 1873 2880 filium
1906 2840 1974 2879 uel

152 2908 205 2949 ad
240 2911 421 2963 patrem,
459 2910 502 2962 2)
542 2919 648 2962 quae
687 2905 888 2950 nuncad
925 2913 1089 2963 patrem
1122 2910 1172 2951 de
1203 2910 1307 2963 filio,
1346 2923 1458 2950 nunc
1497 2909 1551 2951 ad
1589 2910 1721 2951 filium
1763 2909 1813 2950 de
1851 2912 1976 2963 patre

153 2980 176 3020 5
221 2979 275 3020 ad
319 2980 455 3032 filium
500 2981 610 3033 (alt.)
651 2994 730 3021 om.
761 2980 804 3020 P
835 2980 955 3031 (add.
997 2980 1040 3022 R
1086 2993 1137 3022 ex
1186 2980 1510 3034 Hirsauyz'ensz')
1542 2979 1595 3020 M
1754 2994 1866 3021 nunc
1911 2993 1974 3021 se-

152 3051 261 3092 clusi
347 3064 371 3091 a
402 3052 555 3104 spiritu
584 3051 758 3104 scripsi:
790 3051 843 3092 ad
867 3052 1060 3105 spiritum
1087 3051 1230 3093 PMF
1306 3053 1330 3093 9
1356 3065 1537 3093 conexae
1561 3053 1613 3101 P,
1640 3065 1850 3093 connexae
1875 3050 1981 3091 MF

154 3122 204 3162 12
242 3124 394 3175 utpute
424 3122 574 3170 PMF,
607 3125 757 3175 utpote
795 3121 986 3175 Ruulqo
1087 3124 1136 3164 19
1168 3122 1279 3164 filius
1310 3123 1467 3164 seclusi
1554 3123 1606 3163 22
1639 3121 1854 3163 similem?
1885 3122 1975 3162 filio

157 3192 370 3244 Oehlerus,
401 3193 597 3241 similem,
625 3194 779 3245 <cum>
807 3194 895 3235 filio
920 3194 1008 3247 Biy
1096 3195 1147 3235 23
1179 3194 1427 3235 induiturus
1457 3194 1608 3240 PMF,
1641 3192 1865 3235 induturus
1889 3193 1973 3246 Rz'y

152 3263 321 3315 spiritui
341 3263 452 3315 fort.
539 3264 593 3304 24
621 3266 745 3317 <cum
779 3264 871 3316 eis>
900 3265 1022 3318 quasi
1042 3266 1153 3317 fort.
1273 3278 1363 3305 curn
1388 3265 1595 3305 ministris
1620 3251 1728 3313 MP,
1760 3277 1852 3304 cum
1885 3277 1972 3303 ma-

152 3334 297 3387 gistris
325 3334 367 3374 P
395 3337 519 3384 (corr.
551 3335 621 3387 R),
655 3335 954 3376 comministris
985 3336 1076 3376 Iun
1163 3335 1216 3376 26
1249 3337 1293 3376 et
1321 3334 1426 3377 fecit
1457 3335 1559 3378 add.
1592 3335 1706 3375 Pam.
1839 3324 1849 3332 ’
