2248 3646
237 254 340 304 388
603 249 791 301 Quinti
825 247 1056 303 Septimi
1089 247 1366 289 Florentis
1400 246 1735 287 Tertulliani

241 412 432 464 Christi
456 411 710 479 figurant?
751 425 897 476 pares
926 409 1129 474 quidem
1155 410 1306 474 atque
1333 407 1625 458 consimiles
1652 410 1856 473 propter
1881 407 2098 458 eundem

240 500 432 550 domini
473 501 824 564 conspectum,
873 498 989 563 quia
1030 513 1124 547 non
1165 496 1215 546 in
1263 496 1363 545 alia
1408 499 1657 547 uenturus
1699 499 1779 547 est
1815 495 1992 555 forma,
2041 498 2100 547 ut

240 589 326 654 qui
373 588 581 652 agnosci
630 587 816 637 habeat
862 603 889 637 a
936 586 1124 650 quibus
1172 585 1345 635 laesus
1395 587 1489 636 est.
1547 587 1674 636 alter
1713 590 1886 636 autem
1926 600 2098 635 eorum

240 675 586 726 circumdatus
636 674 857 734 coccino,
905 672 1212 723 maledictus
1261 675 1311 722 et
1351 676 1689 737 consputatus
1730 674 1780 723 et
1820 672 2100 723 conuulsus

241 766 292 812 et
332 765 687 828 compunctus,
721 777 747 811 a
778 760 969 825 populo
1012 762 1150 809 extra
1189 759 1454 809 ciuitatem
1496 759 1811 809 abiciebatur
1849 759 1897 808 in
1938 759 2101 824 perdi-
2157 776 2174 805 5

239 851 446 911 tionem,
478 848 765 900 manifestis
798 850 1005 899 notatus
1039 847 1328 913 insignibus
1364 846 1647 897 dominicae
1673 846 1948 912 passionis,
1977 847 2104 897 alter

240 954 359 989 uero
407 954 496 1004 pro
547 937 750 988 delictis
798 936 1002 986 oblatus
1051 938 1102 986 et
1148 935 1503 986 sacerdotibus
1544 935 1727 1000 templi
1766 935 1814 985 in
1855 935 2102 1000 pabulum

241 1026 391 1076 datus
455 1025 706 1077 secundae
767 1022 1249 1090 repraesentationis
1313 1026 1613 1089 argumenta
1682 1023 1934 1090 signabat,
2005 1039 2104 1087 qua

241 1114 442 1165 delictis
492 1112 728 1164 omnibus
779 1111 991 1178 expiatis
1040 1111 1330 1161 sacerdotes
1378 1111 1558 1177 templi
1612 1111 1874 1176 spiritaliS,
1928 1110 1980 1160 id
2028 1114 2104 1161 est

240 1202 503 1263 ecclesiae,
538 1199 823 1251 dominicae
857 1199 1047 1267 gratiae
1082 1199 1227 1264 quasi
1260 1199 1599 1250 uisceratione
1635 1199 1852 1264 quadam
1885 1200 2102 1250 frueren-
2136 1216 2175 1245 10

239 1294 339 1352 tur,
372 1289 721 1340 ieiunantibus
748 1287 930 1339 ceteris
959 1303 986 1337 a
1012 1288 1195 1338 salute.
1234 1287 1394 1353 igitur
1419 1287 1655 1353 quoniam
1690 1287 1885 1353 primus
1920 1287 2104 1337 aduen-

240 1383 325 1429 tus
368 1381 417 1428 et
456 1378 735 1444 plurimum
774 1375 956 1441 figuris
996 1375 1299 1426 obscuratus
1349 1378 1399 1424 et
1445 1375 1582 1426 omni
1626 1375 1950 1425 inhonestate
1995 1391 2105 1440 pro-

242 1468 434 1517 stratus
461 1465 753 1525 canebatur,
781 1463 1036 1514 secundus
1063 1479 1184 1514 uero
1211 1466 1261 1513 et
1285 1463 1589 1513 manifestus
1617 1466 1667 1513 et
1692 1462 1782 1513 deo
1803 1463 2104 1530 condignUS,

241 1554 449 1616 idcirco,
500 1568 651 1617 quem
698 1552 848 1602 facile
891 1554 940 1602 et
977 1551 1277 1618 intellegere
1318 1554 1367 1601 et
1408 1551 1609 1602 credere
1649 1556 1939 1618 potuerunt,
1989 1567 2104 1601 eum

243 1643 410 1693 solum
452 1642 726 1704 intuentes,
774 1639 827 1690 id
868 1643 947 1690 est
986 1639 1284 1701 secundum,
1333 1655 1429 1689 non
1469 1640 1706 1691 inmerito
1749 1640 1948 1705 decepti
1988 1643 2107 1690 sunt
2139 1655 2178 1686 15

242 1732 376 1782 circa
423 1729 786 1789 obscuriorem,
843 1731 978 1779 certe
1023 1727 1383 1794 indigniorem,
1437 1727 1487 1777 id
1535 1732 1615 1778 est
1661 1728 1898 1794 primum.
1955 1731 2106 1794 atque

240 1821 313 1870 ita
357 1819 407 1869 in
454 1817 758 1870 hodiernum
806 1818 995 1883 negant
1048 1816 1254 1866 uenisse
1305 1814 1563 1867 Christum
1622 1832 1790 1878 suum,
1846 1817 1962 1882 quia
2012 1833 2106 1867 non

241 1909 290 1958 in
326 1906 644 1957 sublimitate
677 1905 892 1966 uenerit,
929 1904 1049 1954 dum
1082 1904 1319 1972 ignorant
1351 1904 1505 1954 etiam
1538 1904 1587 1954 in
1621 1904 1914 1956 humilitate
1947 1905 2107 1955 fuisse

241 1999 535 2047 uenturum.

317 2085 364 2135 8.
408 2084 624 2134 Desinat
668 2098 798 2133 nunc
840 2081 1129 2132 haereticus
1172 2096 1199 2130 a
1237 2081 1445 2142 Iudan,
1494 2082 1649 2147 aspiS,
1699 2082 1834 2148 quod
1873 2082 2031 2141 aiunt,
2081 2097 2107 2131 a
2139 2096 2180 2128 20

245 2174 438 2237 uipera,
493 2171 720 2221 mutuari
766 2186 1040 2230 uenenum,
1097 2171 1303 2220 euomat
1347 2170 1449 2220 iam
1505 2170 1621 2220 hinc
1674 2170 1866 2237 proprii
1918 2169 2110 2238 ingenii

243 2261 404 2321 uirus,
459 2259 764 2324 phantasma
816 2257 1084 2308 uindicans
1133 2257 1411 2310 Christum.
1467 2257 1567 2309 nisi
1622 2258 1758 2324 quod
1812 2261 1862 2308 et
1914 2258 1963 2308 in
2011 2258 2110 2308 ista

245 2347 499 2399 sententia
524 2346 650 2397 alios
677 2345 888 2396 habebit
913 2347 1164 2408 auctores,
1198 2361 1470 2412 praecocos
1497 2349 1545 2396 et
1571 2346 1833 2398 abortiuos
1867 2345 2109 2411 quodam-

246 2435 395 2486 modo
444 2434 792 2495 Marcionitas,
841 2449 969 2499 quos
1017 2434 1284 2499 apostolus
1330 2434 1580 2485 Iohannes
1629 2434 1959 2485 antichristos
2000 2449 2111 2500 pro-

245 2523 520 2585 nuntiauit,
562 2525 806 2590 negantes
850 2521 1110 2573 Christum
1150 2522 1203 2572 in
1242 2538 1388 2573 carne
1428 2522 1649 2583 uenisse,
1698 2525 1748 2573 et
1785 2525 1956 2573 tamen
1996 2538 2109 2584 non,
2141 2537 2181 2568 25

246 2616 304 2663 ut
328 2612 541 2663 alterius
569 2611 650 2661 dei
680 2611 762 2661 ius
797 2610 1184 2672 constituerent,
1219 2610 1337 2675 quia
1370 2613 1420 2661 et
1454 2610 1514 2661 de
1544 2610 1645 2662 isto
1679 2611 1841 2661 notati
1873 2610 2108 2671 fuissent,

248 2701 337 2751 sed
385 2699 624 2766 quoniam
672 2698 971 2749 incredibile
1026 2703 1476 2764 praesumpserant
1530 2700 1682 2750 deum
1738 2715 1956 2751 carnem.
2011 2715 2109 2764 quo

249 2789 411 2856 magis
460 2787 797 2838 antichristus
837 2786 1066 2837 Marcion
1115 2786 1213 2837 sibi
1261 2764 1392 2837 eam·
1418 2788 1589 2853 rapuit
1625 2788 2110 2854 praesumptionem,

249 2878 416 2942 aptior
460 2876 660 2927 scilicet
706 2875 767 2925 ad
814 2875 1123 2925 renuendam
1164 2876 1479 2940 corporalem
1521 2876 1862 2927 substantiam
1905 2875 2110 2939 Christi,

395 3006 466 3061 24]
502 3005 554 3048 cf.
587 3005 608 3047 I
639 3005 733 3047 Ioh.
765 3006 807 3058 2,
842 3005 907 3048 18.
941 3006 1011 3047 22.

307 3096 332 3135 2
367 3094 532 3135 domini
555 3092 672 3134 Lat:
703 3093 927 3134 <lominum
951 3092 1050 3136 MR
1133 3095 1157 3134 3
1187 3095 1296 3147 <et>
1324 3094 1469 3135 laesus
1501 3098 1579 3137 est.
1615 3109 1723 3136 unus
1757 3094 1932 3149 quidem
1967 3107 2112 3136 eorum

250 3168 366 3209 Pam
438 3168 466 3208 4
499 3169 785 3220 consputatus
815 3165 883 3220 M,
917 3172 1153 3221 consputus
1184 3167 1228 3209 R
1332 3167 1565 3208 conuulsus
1599 3170 1666 3209 est
1697 3170 1741 3209 et
1764 3167 1812 3209 F
1884 3169 1908 3209 7
1940 3168 2113 3209 oblatus

252 3254 333 3282 om.
365 3239 412 3280 F
487 3239 538 3280 10
568 3239 817 3280 fruerentur
848 3239 904 3288 R,
935 3238 1137 3281 fruentur
1160 3239 1219 3281 M
1291 3240 1343 3282 15
1369 3239 1606 3282 secundum
1634 3241 1742 3295 <qui
1773 3243 1841 3282 est
1871 3241 1915 3281 in
1947 3241 2112 3282 honore

252 3316 297 3354 et
328 3313 498 3367 gloria>
533 3313 643 3354 Pam
731 3312 785 3353 22
818 3313 863 3353 in
893 3313 981 3354 ista
1011 3313 1080 3365 M,
1111 3313 1200 3354 ista.
1222 3313 1416 3367 Ruulqo
1504 3314 1558 3356 23
1589 3327 1822 3369 praecocos
1845 3314 1956 3368 MF,
1990 3327 2112 3368 prae-

254 3399 414 3440 coquos
446 3385 640 3440 Ruulyo
774 3385 997 3427 abortiuos
1026 3386 1083 3438 R,
1117 3386 1341 3427 auorsiuos
1372 3385 1432 3426 M
1530 3387 1584 3430 26
1614 3387 1701 3428 isto
1733 3386 1911 3441 MGRss,
1943 3387 2019 3428 isti
2049 3384 2113 3427 R²

254 3459 305 3500 27
322 3458 740 3513 praesumserantlll
797 3459 1301 3514 28p1·aesumtionemM
1356 3459 1411 3501 29
1424 3460 1673 3513 apertiorF
1755 3457 2117 3502 rennuendamM
