2248 3646
133 1213 174 1246 10

137 1643 174 1672 15

137 2069 177 2098 20

143 2491 182 2523 25

535 278 631 321 VII.
661 275 926 319 Aduersus
958 277 1268 319 Marcionem
1299 277 1372 317 lib.
1403 277 1491 319 ΗΠ
1515 277 1664 318 9-10.
1904 280 2002 328 445

204 435 319 485 etsi
371 435 601 485 fuerint
654 433 876 484 delicta
927 436 1131 482 uestra
1182 434 1475 495 tamquam
1527 449 1774 492 roseum,
1836 434 2007 482 uelut

205 520 396 570 niuem
430 519 731 579 exalbab0‚
772 519 886 567 etsi
918 523 1210 580 tamquam
1244 518 1569 577 coccinum,
1609 518 1780 567 uelut
1816 518 2003 567 lanam

207 604 505 665 exalbabo,
566 605 616 653 in
667 619 808 653 roseo
865 603 1153 666 sanguinem
1210 602 1474 651 ostendens
1527 603 1896 667 prophetarum,
1955 604 2006 653 in

208 690 404 739 coccino
453 690 656 749 domini,
703 691 760 738 ut
808 688 1075 737 clariorem.
1115 687 1262 736 etiam
1300 687 1524 736 Micheas
1572 687 1631 736 de
1675 688 1821 737 uenia
1858 688 2007 738 delic-

205 778 391 824 torum:
427 774 560 838 quis
602 773 758 833 deus,
794 772 1082 836 quomodo
1121 774 1219 821 tu‘?
1259 773 1514 821 eximens
1553 772 1912 836 iniquitates
1953 784 2008 822 et

201 859 576 923 praeteriens
622 857 962 907 iniustitias
1016 857 1279 906 residuis
1332 857 1693 907 hereditatis
1747 862 1906 916 tuae3
1955 862 2010 907 et

202 960 308 994 non
338 944 538 993 tenuit
567 943 620 991 in
654 941 1065 993 testimonium
1095 943 1236 991 iram
1270 957 1447 1001 3113111,
1477 942 1611 1005 quia
1641 943 1675 1006 ἢ·
1712 944 1913 992 uoluit
1954 946 2010 992 et

202 1028 677 1089 misericordiam
719 1029 953 1077 auertet
990 1029 1047 1076 et
1096 1027 1481 1076 miserebitur
1533 1028 1745 1082 nostri:
1795 1027 2010 1077 demer-

204 1118 305 1178 get
356 1114 578 1163 delicta
632 1116 834 1162 nostra
888 1115 944 1162 et
998 1112 1297 1177 demerget
1346 1113 1401 1161 in
1441 1114 1790 1176 profundum
1830 1115 2008 1163 maris

205 1203 450 1263 peccata
502 1202 720 1249 nostra.
776 1197 862 1248 sed
915 1201 964 1248 et
1017 1198 1058 1247 si
1110 1198 1234 1246 nihil
1285 1198 1383 1246 tale
1435 1199 1483 1247 in
1532 1199 1785 1249 Christum
1831 1199 2011 1248 fuisset

203 1285 561 1346 praedicatum,
604 1284 834 1333 haberem
876 1283 1024 1332 huius
1064 1283 1388 1347 benignitatis
1430 1284 1650 1348 exempla
1687 1285 1736 1332 in
1776 1286 2008 1343 creatora

202 1370 546 1432 promittentia
591 1368 714 1417 mihi
762 1372 810 1418 et
855 1368 901 1417 in
948 1368 1048 1417 filio
1089 1370 1243 1432 patris
1285 1368 1525 1417 adfectus.
1572 1369 1717 1418 uideo
1755 1368 2007 1418 Niniuitas

207 1456 451 1503 scelerum
490 1454 685 1503 ueniam
727 1457 1021 1503 consecutos
1063 1470 1089 1502 a
1128 1457 1362 1511 crea-tore,
1404 1468 1462 1503 ne
1502 1454 1705 1503 dixerim
1744 1457 1863 1504 tunc
1896 1470 2011 1517 quo·

207 1554 299 1602 que
340 1555 366 1588 a
404 1538 619 1599 Christe,
661 1539 744 1602 qui
785 1555 811 1587 a
848 1538 1116 1602 primordio
1158 1539 1260 1603 egit
1298 1539 1346 1587 in
1384 1540 1536 1601 patris
1570 1539 1778 1588 nomine.
1817 1540 1929 1602 lego
1964 1542 2012 1588 et

206 1622 403 1672 Nathan
440 1624 731 1688 proplietam
774 1625 1062 1687 agnoscenti
1099 1624 1263 1673 Dauid
1303 1625 1541 1673 delictum
1582 1640 1726 1673 suuni
1759 1625 1807 1673 in
1841 1624 2009 1674 Uriam

207 1709 417 1758 dixisse:
459 1712 514 1758 et
546 1708 818 1758 dominus
860 1709 1259 1758 circumduxit
1291 1709 1572 1758 delictum
1608 1712 1771 1758 tuum
1812 1711 1868 1758 et
1906 1725 2012 1759 non

205 1793 499 1851 morieris;
549 1794 750 1857 proinde
798 1796 847 1843 et
886 1794 1053 1843 Achab
1099 1806 1284 1858 regem,
1334 1794 1568 1843 maritum
1614 1794 1825 1852 Iezabel,
1872 1810 2011 1844 reum

204 1877 461 1927 idolatriae
523 1882 572 1927 et
632 1879 887 1942 sanguinis
949 1879 1225 1940 Nabuthae5
1286 1879 1481 1927 ueniam
1550 1879 1790 1928 meruisse
1850 1880 2012 1943 paeni-

204 1963 387 2012 tentiae
433 1963 647 2024 1101111113,
688 1963 787 2028 <et>
824 1965 1082 2024 Ionatham
1115 1965 1281 2013 filium
1328 1963 1509 2024 SauliS‚
1556 1964 1793 2028 resignati
1838 1965 2011 2014 ieiunii

209 2049 405 2111 culpam
460 2048 804 2112 deprecatione
860 2049 1065 2099 delesse.
1119 2050 1236 2113 quid
1290 2049 1347 2098 de
1399 2049 1506 2113 ipso
1555 2051 1738 2114 populo
1778 2053 2011 2110 retexam,

211 2134 395 2183 totiens
444 2133 739 2183 delictorum
784 2135 1096 2200 indulgentia
1138 2135 1405 2184 restituto?
1460 2135 1517 2183 ab
1566 2150 1620 2184 eo
1668 2135 1861 2184 scilicet
1906 2135 2011 2195 de0‚

215 2218 298 2281 qui
323 2219 517 2267 mauult
539 2218 930 2268 misericordiam
956 2236 1103 2283 quam
1136 2220 1433 2269 sacrificium
1468 2224 1517 2268 et
1546 2220 1819 2283 peccatoris
1851 2220 2014 2283 paeni-

212 2304 419 2352 tentiam
452 2320 600 2368 quam
632 2308 854 2354 mortem.
893 2305 1031 2368 prius
1064 2308 1142 2355 est
1172 2306 1339 2370 igitur,
1374 2321 1524 2370 neges
1559 2310 1829 2355 creatorem
1852 2305 2013 2354 indul-

215 2387 340 2437 sisse
387 2389 650 2452 aliquando
707 2389 901 2450 delicta,
957 2406 1263 2455 consequens
1312 2395 1402 2451 est,
1456 2395 1513 2440 ut
1559 2391 1788 2440 ostendas
1834 2406 1922 2440 nec
1966 2391 2014 2439 in

215 2473 467 2523 Christum
521 2490 667 2524 suum
719 2475 817 2524 tale
872 2475 991 2538 quid
1037 2491 1149 2524 eum
1195 2476 1525 2539 praedicasse:
1584 2479 1633 2525 et
1677 2477 1746 2525 ita
1783 2476 2013 2540 probabis

212 2574 388 2607 nouam
424 2559 572 2608 istam
608 2558 807 2622 Christi,
840 2560 958 2609 noui
990 2561 1197 2621 scilicet,
1230 2561 1606 2625 benignitatem,
1649 2562 1689 2609 si
1728 2561 2012 2625 probaueris

213 2658 301 2692 nec
339 2659 507 2708 parem
548 2644 756 2694 creatori
794 2661 881 2694 nec
919 2646 1252 2708 praedicatam
1284 2662 1311 2695 a
1341 2650 1572 2697 creatore.
1615 2647 1701 2696 sed
1734 2648 1783 2695 et
1812 2649 2015 2710 peccata

215 2728 464 2778 dimittere
504 2744 562 2777 an
603 2729 708 2778 eius
748 2730 910 2793 possit
949 2746 1074 2790 esse,
1125 2731 1208 2794 qui
1249 2734 1455 2795 negetur
1492 2735 1674 2791 tenera
1722 2734 1771 2780 et
1809 2747 1866 2780 an
1907 2731 2012 2779 eius

356 2881 396 2933 1]
429 2881 496 2921 Es.
534 2882 570 2933 1,
605 2880 669 2922 18.
772 2882 811 2935 5]
844 2883 971 2924 Mich.
1005 2884 1042 2936 7,
1076 2884 1254 2924 18-19.
1345 2884 1414 2936 12]
1448 2884 1498 2924 cf.
1533 2884 1622 2924 Ion.
1655 2885 1693 2936 3,
1727 2884 1790 2926 10.
1873 2885 1940 2938 16]
1971 2884 2015 2925 11

213 2950 318 3004 Reg.
353 2950 416 3004 12,
452 2952 515 2992 13.
650 2952 716 3004 17]
752 2952 802 2993 cf.
834 2953 900 2994 ΙΙΙ
932 2953 1038 3007 Reg.
1070 2955 1134 2995 21.
1169 2955 1235 2995 29.
1375 2955 1442 3008 19]
1476 2954 1527 2997 cf.
1560 2957 1580 2997 Ι
1613 2955 1716 3009 Reg.
1753 2955 1815 3006 14,
1847 2956 1912 2997 27.
1945 2958 2012 2997 45.

215 3022 281 3075 22]
316 3022 366 3063 cf.
400 3021 470 3064 Os.
504 3023 542 3075 6,
576 3023 617 3071 63
654 3022 778 3064 Pron.
811 3025 876 3076 21,
910 3026 947 3065 3.
1065 3025 1115 3066 cf.
1149 3026 1219 3068 Ez.
1253 3026 1319 3073 33,
1353 3026 1416 3066 11.

272 3107 293 3147 7
332 3106 472 3147 uoluit
512 3110 556 3148 et
592 3107 699 3159 MR,
739 3109 876 3149 uoluit
915 3123 1005 3150 esse
1043 3109 1256 3162 Oehlerus,
1296 3110 1442 3150 uolens
1482 3113 1546 3151 est
1572 3112 1682 3163 fort.
1722 3110 1800 3160 (ὅτι
1828 3110 2013 3165 θελητὴς

216 3175 354 3224 ἐλέους
384 3175 508 3230 ἐστίν)
603 3178 627 3218 8
658 3179 972 3221 misericordiae
1002 3181 1067 3225 M,
1113 3180 1441 3222 misericordiam
1489 3182 1599 3234 Ewy,
1645 3181 2014 3222 misericordemR

214 3248 346 3300 uulyo
483 3248 701 3302 demerget
725 3250 822 3299 (bis)
856 3251 993 3291 Pam:
1035 3251 1242 3305 dimerget
1280 3252 1376 3293 MR
1483 3253 1507 3292 9
1538 3252 1789 3305 profundum
1823 3252 1887 3301 M,
1920 3266 2013 3305 pro-

215 3317 344 3358 fundo
375 3318 430 3367 R,
462 3319 671 3372 profunda
700 3320 813 3361 Pam
946 3323 996 3362 14
1029 3323 1099 3374 qui
1130 3322 1227 3363 MR
1275 3322 1373 3376 quia
1409 3321 1486 3363 Gez
1516 3323 1647 3375 uulqo
1779 3323 1828 3363 19
1861 3326 1910 3363 et·
1936 3323 2013 3363 ad-

218 3387 311 3428 didi
436 3389 651 3429 ionathani
684 3391 739 3431 M
837 3392 890 3432 24
922 3395 986 3432 est
1016 3393 1145 3434 deleri
1173 3394 1271 3434 uult
1300 3393 1386 3446 Riq
