2248 3646
225 263 328 311 416
608 256 797 308 Quinti
830 256 1053 310 Septimi
1086 255 1364 297 Florentis
1396 255 1726 297 Tertulliani

226 419 435 470 media
474 415 897 468 Hierusalem
952 416 1013 465 et
1061 414 1132 464 (la
1182 414 1437 479 signum
1479 414 1607 464 Tau
1647 414 1706 464 in
1747 414 2086 465 frontibus

227 507 536 557 uirorum.
577 503 686 569 ipsa
724 504 802 552 est
835 501 968 551 enim
1000 501 1174 551 littera
1209 499 1521 551 Graecorum
1555 501 1679 563 Tan,
1711 504 1884 551 nostra
1917 505 2086 553 autem

228 596 282 646 T.
348 593 545 659 species
609 590 791 652 cruciS,
856 605 1008 655 quam
1062 588 1398 654 portendebat
1453 588 1676 639 futuram
1732 589 1781 639 in
1836 589 2090 640 frontibus

228 681 416 733 nostris
458 679 593 745 apud
631 693 804 729 ueram
845 680 895 727 et
934 677 1241 727 catholicam
1280 676 1624 738 Hierusalem,
1671 678 1720 727 in
1770 694 1869 743 qua
1906 679 2088 729 fratres

230 770 439 830 Christi,
479 768 612 818 filios
654 765 852 817 scilicet
893 764 989 826 dei,
1032 764 1245 831 gloriam
1287 763 1392 813 fore
1435 763 1526 816 deo
1567 764 1817 815 relaturos
1859 765 2090 831 psalmus
2144 782 2164 812 5

228 856 510 909 uicesimus
556 855 754 921 primus
804 853 940 903 canit
978 868 1035 902 ex
1074 867 1291 917 persona
1329 851 1495 917 ipsius
1538 850 1729 903 Christi
1769 851 1831 902 ad
1870 855 2091 917 patrem:

231 943 550 997 enarrabo
615 957 841 992 nomen
904 945 1081 990 tuum
1143 938 1468 990 fratribus
1532 940 1707 1001 meiS,
1770 939 1830 989 in
1886 939 2091 990 medio

230 1031 558 1085 ecclesiae
582 1030 884 1096 hymnum
910 1027 1040 1078 tibi
1067 1026 1290 1088 dicam,
1316 1056 1385 1066 -ψ
1413 1026 1549 1090 quod
1575 1027 1708 1077 enim
1733 1027 1783 1077 in
1816 1028 2017 1077 nomine
2046 1030 2095 1078 et

230 1121 415 1187 spiritu
453 1118 618 1185 ipsius
658 1116 811 1167 hodie
851 1115 960 1166 fieri
997 1115 1234 1176 habebar,
1275 1114 1456 1165 merito
1492 1130 1519 1164 a
1552 1131 1604 1165 se
1637 1116 1866 1165 futurum
1900 1115 2095 1180 praedi--

232 1210 380 1260 cahat
407 1238 467 1244 ——
499 1210 549 1257 et
572 1205 725 1272 paulo
753 1204 903 1254 infra:
935 1220 961 1253 a
985 1206 1045 1253 te
1079 1203 1221 1253 laus
1254 1202 1412 1252 mihi
1447 1203 1506 1252 in
1535 1203 1826 1254 ecclesia
1850 1219 2094 1271 magna,
2131 1222 2168 1252 10

232 1301 282 1348 et
314 1297 362 1346 in
397 1293 714 1360 sexagesimo
750 1291 997 1357 septimo:
1037 1290 1099 1339 in
1134 1289 1451 1340 ecclesiis
1486 1290 1866 1340 benedicite
1909 1291 2093 1342 domi-

232 1401 374 1435 num
430 1382 632 1442 deum,
695 1383 753 1430 ut
807 1379 994 1444 pariter
1049 1379 1371 1429 concurreret
1425 1380 1475 1427 et
1522 1378 1752 1428 Micheae
1805 1380 2094 1445 prophetia:

234 1489 353 1523 non
398 1474 497 1521 est
535 1469 850 1519 uoluntas
891 1483 1042 1522 mea,
1088 1466 1255 1516 dicit
1294 1466 1610 1528 dominu&
1654 1469 1714 1516 et
1748 1467 2097 1518 sacrificia

234 1562 462 1613 uestra
495 1573 612 1608 non
649 1555 994 1621 excipiam3
1040 1559 1342 1620 quoniam
1378 1554 1448 1604 ab
1492 1558 1637 1605 ortu
1681 1555 1850 1605 solis
1891 1571 2095 1620 usque

235 1650 294 1699 in
339 1661 641 1698 occasum
681 1659 905 1695 nomen
946 1658 1145 1693 meum
1184 1642 1637 1709 glorificatum
1675 1645 1773 1694 est
1803 1643 1858 1692 in
1894 1643 2094 1693 natio-
2129 1661 2168 1690 ir.»

237 1736 430 1786 nibus
466 1736 526 1784 et
558 1733 618 1782 in
652 1731 821 1782 omni
853 1731 996 1781 loco
1033 1730 1442 1780 sacrificium
1477 1730 1720 1780 nomini
1747 1746 1879 1781 meo
1909 1730 2096 1782 offer-

236 1828 356 1885 tur,
422 1825 483 1873 et
556 1818 971 1872 sacrificium
1035 1818 1351 1880 mundum,
1416 1818 1606 1884 gloriae
1668 1818 1866 1869 scilicet
1917 1819 2095 1869 relatio

237 1916 287 1963 et
324 1908 613 1961 benedictio
656 1910 706 1958 et
744 1907 855 1957 laus
898 1909 947 1956 et
985 1906 1175 1972 hymni.
1215 1921 1342 1972 quae
1378 1906 1546 1956 omnia
1579 1922 1696 1956 cum
1727 1906 1777 1956 in
1809 1909 1860 1957 te
1895 1923 2094 1972 quoque

239 1996 694 2065 deprehendantur,
737 1998 786 2045 et
827 1994 1149 2062 signaculum
1189 1994 1434 2044 frontium
1477 1997 1527 2045 et
1566 1994 1900 2050 ecclesiarum
1935 2010 2096 2045 sacra—

239 2089 410 2137 menta
442 2088 493 2136 et
516 2083 797 2135 munditiae
824 2082 1204 2146 sacrificiorum,
1237 2082 1390 2133 debes
1415 2082 1513 2132 iam
1543 2097 1821 2147 erumpere,
1855 2082 1930 2132 uti
1957 2082 2095 2132 dicas
2127 2098 2167 2128 ‘20

240 2175 476 2242 spiritum
519 2171 760 2223 creatoris
800 2174 890 2222 tuo
934 2169 1136 2221 Christo
1176 2170 1527 2237 prophetasse.

313 2264 396 2314 23.
437 2261 603 2323 Nune,
645 2260 758 2324 quia
804 2275 920 2309 cum
950 2258 1153 2309 Iudaeis
1186 2273 1342 2324 negas
1374 2258 1576 2308 uenisse
1613 2257 1874 2309 Christum
1907 2274 2097 2310 eorum.

241 2364 551 2416 recognosce
600 2350 650 2398 et
699 2348 888 2398 exitum
935 2346 1182 2411 ipsorum,
1232 2362 1383 2411 quem
1431 2348 1550 2412 post
1590 2346 1849 2397 Christum
1891 2346 2098 2396 relaturi

242 2436 663 2504 praedicabantur
717 2435 779 2484 ob
832 2434 1171 2499 impietatem,
1234 2449 1333 2497 qua
1388 2449 1504 2483 eum
1559 2436 1606 2483 et
1663 2433 1999 2498 despexerunt
2052 2437 2101 2483 et

241 2525 620 2576 interemerunt.
676 2523 900 2588 primum
956 2522 1088 2573 enim
1145 2537 1199 2572 ex
1256 2521 1352 2583 die,
1410 2538 1509 2586 qua
1564 2521 1846 2571 secundum
1893 2521 2095 2571 Esaiam
2133 2536 2173 2568 25

244 2613 458 2680 proiecit
519 2612 670 2663 homo
735 2612 1124 2677 aspernamenta
1187 2624 1280 2660 sua
1341 2625 1491 2660 aurea
1546 2611 1597 2659 et
1658 2611 1910 2675 argentea,
1975 2624 2101 2673 quae

390 2784 429 2840 7]
463 2785 532 2826 Ps.
567 2784 634 2833 21,
669 2783 736 2825 23.
846 2783 916 2838 10]
952 2783 1020 2827 Ps.
1055 2782 1125 2836 21,
1156 2782 1225 2824 26.
1342 2782 1411 2836 11]
1446 2781 1517 2822 Ps.
1553 2782 1621 2830 67,
1655 2782 1723 2824 27,
1824 2780 1891 2835 13]
1926 2780 2027 2822 Mal.
2064 2782 2099 2830 1,

249 2859 414 2901 10—11
522 2857 736 2906 22-419‚
770 2857 813 2910 3]
851 2855 903 2898 cf.
936 2855 1032 2897 adu.
1066 2854 1251 2897 Iudaeos
1285 2868 1318 2897 0.
1354 2855 1419 2896 13.
1511 2855 1582 2910 25]
1618 2854 1670 2896 cf.
1703 2854 1773 2896 Es.
1808 2854 1846 2901 2,
1879 2854 1947 2895 20.

309 3003 328 3044 1
365 3003 534 3056 signum
566 3000 634 3050 M,
667 3000 793 3054 signa
824 2999 867 3042 R
999 2999 1105 3040 thau
1138 2998 1238 3040 MR
1356 2999 1380 3038 2
1415 2998 1520 3039 thau
1551 2997 1651 3040 MR
1763 2999 1787 3039 3
1822 2997 1853 3038 T
1885 2997 1942 3051 R,
1974 3001 2018 3040 te
2051 2997 2110 3053 M

251 3077 274 3117 5
308 3075 398 3117 fore
431 3074 490 3115 M
515 3075 635 3128 (fore
659 3087 691 3115 c.
710 3077 834 3126 part.
857 3073 949 3126 fut.
976 3077 1015 3113 et
1041 3072 1164 3125 apud
1186 3073 1314 3120 alios,
1340 3072 1454 3113 sicut
1478 3070 1677 3117 Liuium,
1702 3071 1964 3125 inuenilw·),
1991 3071 2103 3112 forte

250 3147 325 3201 R¹,
356 3147 470 3203 patri
501 3145 714 3200 R²³uul90
804 3145 1018 3186 relaturos
1051 3144 1125 3199 R²⁵‚
1159 3144 1373 3186 relaturus
1405 3142 1524 3185 MR1
1614 3144 1638 3185 8
1662 3144 1955 3197 parenthesin
1985 3142 2103 3184 indi-

252 3243 376 3285 cauit
406 3241 509 3296 Eny
594 3241 641 3282 11
677 3241 945 3295 sexagesimo
979 3242 1164 3295 septimo
1198 3241 1333 3282 Pam:
1366 3211 1580 3288 LV11⁰M,
1617 3239 1976 3293 quinquagesimo
2010 3251 2105 3292 sep-

248 3317 357 3357 timo
389 3314 433 3357 R
525 3314 577 3356 12
608 3314 805 3356 Micheae
837 3313 951 3367 MR,
981 3313 1222 3355 Malachiae
1248 3313 1363 3354 Pam
1393 3316 1531 3367 (recte.
1566 3316 1783 3366 quantum
1816 3312 1878 3354 ad
1905 3325 2007 3365 rem,
2032 3310 2108 3353 sed

252 3387 430 3441 saepius
455 3386 691 3440 confundit
710 3386 967 3440 prophetias
992 3388 1164 3440 auctor)
1230 3387 1282 3427 14
1307 3386 1515 3441 excipiam
1539 3385 1652 3438 MF,
1679 3386 1886 3439 accipiam
1912 3384 1955 3426 R
1971 3384 2106 3438 uulyo

256 3460 307 3501 15
326 3460 615 3515 glorificatum
633 3460 768 3501 Pam:
797 3460 1031 3513 gloriatum
1052 3459 1148 3501 MR
1209 3460 1263 3500 24
1290 3462 1333 3500 et
1359 3458 1646 3513 despexerunt
1662 3458 1730 3511 M,
1758 3455 2105 3512 despexeruntR
