2248 3646
549 177 644 218 VII.
676 177 939 219 Aduersus
970 179 1277 220 Marcionem
1307 179 1380 220 lib.
1413 181 1433 221 I
1466 180 1644 223 15—16.
1906 185 2002 234 311

197 349 346 397 quam
392 334 515 394 eiuS‚
563 334 647 398 qui
684 333 908 384 uisibilia
954 337 1186 398 operatus
1232 334 1564 384 inuisibilium
1615 351 1811 399 quoque
1855 336 2006 386 fidem

195 419 382 478 fecerit,
431 434 543 468 cum
588 419 772 468 iustius
813 420 971 468 multo
1020 419 1086 468 sit
1131 418 1398 482 aliquibus
1433 421 1744 484 exemplariis
1792 421 2005 470 adnuere

195 519 342 567 quam
389 503 575 553 nullis?
628 503 916 552 uidebimus
962 506 1012 552 et
1057 504 1316 567 apostolus
1364 505 1445 553 cui
1492 505 1682 554 auctori
1730 506 2007 554 inuisibilia

195 589 414 652 deputet,
448 604 562 638 cum
594 592 644 638 et
673 589 817 638 illum
851 590 1289 654 explorauerimus
1330 605 1460 639 nunc
1493 590 1622 639 euim
1655 591 2004 640 communibus

141 693 158 720 5
193 674 464 739 plurimum
497 674 729 724 sensibus
762 678 812 725 et
849 675 1367 739 argumentationibus
1406 675 1555 724 iustis
1595 680 1855 725 secuturae
1889 677 2005 725 scri-

121 1116 161 1146 10

121 1543 160 1573 15

120 1969 160 1998 20

192 765 447 823 pturarum
502 775 698 824 quoque
746 759 1061 810 aduocationi
1109 759 1259 809 fidem
1313 760 1602 820 sternimuS‚
1658 760 2006 810 confirmantes

193 844 536 893 diuersitatem
566 845 692 894 hanc
726 844 1007 893 uisibilium
1039 847 1089 893 et
1119 844 1451 894 inuisibilium
1484 845 1573 894 deo
1608 844 1817 894 creatori
1855 844 2005 908 depu-

192 929 408 988 tandam,
451 929 602 978 sicuti
640 931 746 978 tota
786 929 1006 994 operatio
1048 930 1155 978 eius
1190 946 1246 979 ex
1278 929 1656 979 diuersitatibus
1699 932 1910 989 constat,
1951 945 2007 979 ex

193 1014 532 1078 corporalibus
573 1018 622 1064 et
658 1014 1069 1078 incorporalibus,
1117 1031 1172 1064 ex
1212 1015 1509 1065 animalibus
1550 1019 1600 1064 et
1636 1015 2006 1076 inanimalibus,

193 1116 246 1149 ex
278 1099 539 1150 uocalibus
572 1103 622 1150 et
651 1100 823 1159 mutis,
864 1115 919 1149 ex
949 1099 1222 1149 mobilibus
1263 1103 1313 1150 et
1351 1101 1569 1159 statiuis,
1609 1116 1663 1150 ex
1701 1100 2006 1165 genitalibus

192 1187 242 1233 et
271 1185 544 1244 sterilibus,
585 1201 640 1235 ex
671 1185 822 1234 aridis
855 1188 905 1234 et
935 1185 1140 1244 sucidis,
1181 1201 1236 1235 ex
1275 1185 1450 1235 calidis
1491 1190 1541 1234 et
1577 1185 1791 1252 frigidis,
1846 1186 1917 1235 sic
1958 1189 2007 1234 et

190 1270 440 1319 hominem
478 1271 646 1334 ipsum
693 1270 958 1320 diuersitas
1005 1272 1321 1335 temperauit‚
1368 1274 1472 1320 tam
1518 1272 1569 1320 in
1616 1287 1818 1336 corpore
1857 1287 2006 1336 quam

189 1356 238 1404 iu
278 1371 446 1405 sensu.
510 1355 606 1404 alia
651 1357 873 1405 membra
919 1356 1068 1405 fortia
1114 1356 1211 1404 alia
1254 1356 1464 1416 infirma,
1512 1357 1610 1405 alia
1654 1357 1864 1406 honesta
1909 1357 2007 1405 alia

189 1440 467 1499 inhonesta,
510 1442 605 1491 alia
643 1441 840 1507 gemina
877 1442 972 1491 alia
1011 1442 1173 1503 unica,
1214 1441 1310 1491 alia
1349 1442 1602 1506 comparia
1640 1442 1736 1491 alia
1774 1442 2006 1505 disparia.

192 1526 395 1590 proinde
440 1529 490 1576 et
532 1527 581 1575 in
628 1542 778 1577 sensu
824 1542 953 1576 nunc
997 1526 1192 1576 laetitia
1243 1542 1372 1576 nunc
1425 1528 1646 1577 anxietas
1693 1543 1822 1577 nuuc
1868 1543 2006 1576 amor

187 1627 318 1661 nunc
349 1611 518 1661 odium
550 1627 679 1661 nunc
711 1612 785 1661 ira
821 1627 950 1661 nunc
988 1611 1187 1662 lenitas,
1228 1612 1359 1675 quod
1398 1612 1440 1661 si
1479 1612 1550 1661 ita
1589 1616 1682 1671 est7
1714 1615 1771 1662 ut
1809 1612 2006 1661 aemula

187 1698 317 1747 inter
361 1712 413 1746 se
460 1697 760 1747 conditionis
799 1697 1104 1747 uniuersitas
1143 1696 1243 1746 ista
1281 1696 1540 1746 modulata
1578 1698 1659 1755 sit,
1704 1697 1803 1747 iam
1849 1697 2006 1762 igitur

191 1788 241 1832 et
275 1782 565 1832 uisibilibus
596 1782 874 1832 inuisibilia
905 1782 1161 1843 debentur,
1195 1796 1290 1831 non
1324 1782 1466 1831 alteri
1499 1783 1690 1832 auctori
1723 1782 2007 1846 deputanda

191 1884 338 1932 quam
377 1868 458 1918 cui
497 1871 547 1917 et
585 1868 781 1917 aemula
828 1883 1014 1918 eorum.
1054 1858 1190 1932 <qui>
1228 1867 1395 1931 ipsum
1436 1871 1708 1918 creatorem
1749 1869 2004 1918 diuersum

189 1956 378 2014 notant,
423 1954 681 2003 iubentem
720 1969 845 2017 quae
885 1954 1140 2016 prohibuit
1185 1956 1235 2002 et
1271 1953 1618 2017 prohibentem
1666 1969 1790 2017 quae
1834 1953 2004 2016 iussit,

188 2040 552 2103 percutientem
591 2043 641 2088 et
685 2043 959 2099 sanantem,
1014 2054 1101 2088 cur
1138 2040 1187 2088 in
1226 2040 1318 2088 hac
1358 2040 1464 2088 sola
1502 2040 1666 2103 specie
1705 2040 2005 2089 uniformem

191 2140 306 2173 eum
331 2125 551 2188 capiunt,
582 2124 864 2174 uisibilium
890 2124 1205 2175 solummodo
1249 2124 1573 2183 conditorem
1615 2141 1761 2189 quem
1800 2125 2005 2189 proinde

192 2209 492 2259 credendum
539 2210 606 2259 sit
650 2213 700 2260 et
743 2210 968 2260 uisibilia
1012 2214 1061 2260 et
1108 2210 1384 2259 inuisibilia
1432 2210 1716 2260 condidisse
1770 2210 2005 2275 quemad-

191 2295 395 2344 modum
442 2298 491 2344 et
535 2295 693 2345 uitam
740 2299 789 2345 et
832 2298 1062 2356 mortem,
1111 2299 1161 2345 et
1204 2296 1337 2345 mala
1381 2298 1431 2345 et
1467 2299 1675 2359 pacem?
1723 2298 1773 2345 et
1810 2296 2003 2359 utique⁷

121 2395 158 2424 25
191 2380 235 2428 si
277 2380 366 2429 illa
409 2380 685 2430 inuisibilia
729 2381 916 2429 maiora
961 2384 1078 2430 sunt
1123 2380 1413 2430 uisibilibus
1467 2381 1700 2431 creatoris
1752 2396 1842 2430 suo
1892 2382 2003 2431 loco

189 2466 400 2531 magnis,
433 2466 504 2515 sic
538 2482 736 2529 quoque
769 2466 998 2531 congruit
1031 2466 1137 2515 eius
1172 2482 1279 2516 esse
1312 2466 1514 2525 maiora,
1551 2467 1693 2516 cuius
1728 2469 1778 2516 et
1808 2482 2003 2531 magna,

192 2551 308 2613 quia
338 2566 426 2600 nec
458 2567 653 2616 magna,
679 2551 863 2600 nedum
888 2549 1087 2612 maiora,
1113 2552 1158 2600 ei
1184 2554 1487 2615 competant,
1513 2552 1655 2601 cuius
1687 2567 1776 2601 nec
1808 2552 2008 2601 modica

192 2640 495 2699 comparent.

332 2803 375 2856 3]
409 2802 460 2843 cf.
491 2801 582 2844 Col.
617 2803 653 2850 1,
688 2803 752 2844 16.

249 2910 271 2949 7
290 2909 368 2950 deo
386 2908 569 2950 creatori
584 2908 645 2950 R³
659 2923 737 2962 my,
756 2908 861 2950 adeo
879 2910 1061 2951 creatori
1076 2910 1142 2962 M,
1159 2923 1183 2950 a
1200 2910 1277 2950 deo
1297 2912 1483 2951 creatore
1500 2909 1562 2971 ‚R1
1577 2911 1709 2964 uulyo
1802 2911 1852 2952 10
1874 2884 2003 2961 mritis

191 3001 249 3041 M
280 3004 404 3054 (corr.
442 3014 496 3044 m.
534 3005 573 3052 1)
666 3002 712 3042 11
753 3000 912 3043 sucidis
950 3002 1014 3050 M,
1053 3003 1176 3044 siccis
1214 3002 1257 3044 R
1353 3003 1403 3043 16
1442 2975 1567 3044 δίζω
1589 3003 1648 3043 M
1725 3005 1774 3044 16
1798 3005 2002 3045 aemulae

192 3072 305 3113 inter
349 3085 394 3113 se
440 3071 728 3113 condicionis
764 3071 874 3124 fort.
988 3074 1038 3114 19
1078 3087 1235 3126 eorum,
1281 3073 1420 3126 ipsum
1457 3074 1590 3127 uulqo
1734 3076 1806 3127 qui
1845 3074 2006 3115 addidi

192 3142 246 3183 20
276 3145 429 3184 notant
457 3143 568 3195 MR,
599 3143 797 3184 notantia
833 3143 914 3184 Urs
1000 3144 1051 3184 21
1092 3148 1327 3185 sanantem.
1360 3157 1432 3185 cur
1467 3145 1611 3198 uulyo,
1650 3147 1889 3186 sanantem:
1931 3159 2005 3186 cur

191 3212 305 3266 Eny,
342 3213 597 3266 improbans
634 3214 751 3266 quod
785 3227 922 3267 supra
970 3214 1126 3255 addidi
1164 3214 1236 3267 qui
1345 3215 1396 3256 25
1439 3216 1644 3257 creatoris
1678 3216 1852 3268 scripsi:
1887 3229 2001 3257 crea-

191 3283 298 3324 turis
327 3283 424 3325 MR
