2248 3646
220 218 323 268 356
595 213 785 266 Quinti
817 214 1049 270 Septimi
1081 215 1358 258 Florentis
1392 215 1701 259 Tertullian

295 377 375 427 16.
414 376 557 427 Bona
594 376 756 443 igitur
795 378 845 426 et
885 376 1133 426 seueritas
1178 376 1296 441 quia
1333 376 1488 438 iusta,
1539 378 1582 428 si
1619 378 1784 428 bonus
1824 377 1991 439 iudex,
2030 378 2083 427 id

220 467 300 515 est
353 465 540 515 iustus.
603 464 729 514 item
786 466 953 514 cetera
998 464 1146 525 bona,
1202 480 1290 529 per
1336 480 1464 529 quae
1512 481 1639 531 opus
1687 465 1877 516 honum
1927 466 2083 516 currit

215 551 377 601 bonae
413 551 722 611 seueritatiS,
766 551 876 601 siue
908 551 982 601 ira
1015 551 1125 601 siue
1160 551 1439 602 aemulatio
1482 552 1591 603 siue
1634 553 1869 604 saeuitia.
1912 554 2084 604 debita

218 639 351 689 enim
385 639 553 689 omnia
591 639 716 690 haec
757 641 879 689 sunt
918 639 1229 701 seueritatiS,
1270 640 1408 690 sicut
1447 641 1694 692 seueritas
1737 640 1965 691 debitum
2006 643 2086 692 est

216 727 465 777 iustitiae.
515 728 666 792 atque
698 726 772 776 ita
810 743 908 778 non
947 729 1188 792 poterunt
1227 727 1386 778 iudici
1428 728 1715 794 exprobrari
1756 744 1884 793 quae
1923 728 2085 780 iudici
2134 749 2152 777 ε,

218 815 475 877 accidunt,
526 815 749 866 carentia
797 818 847 867 et
891 815 1005 881 ipsa
1053 818 1205 882 culpa
1252 817 1390 867 sicut
1437 820 1487 867 et
1524 817 1690 868 iudeX.
1756 817 1881 882 quid
1930 817 2082 878 enirn,

219 906 262 955 si
308 904 565 954 medicum
618 903 825 969 quidem
875 903 1014 954 dicas
1065 919 1178 954 esse
1220 904 1417 967 debere,
1465 905 1770 955 ferramenta
1809 920 1929 955 uero
1973 905 2082 955 eius

218 1008 432 1044 accuses
482 992 617 1057 quod
665 994 840 1043 secent
887 995 938 1042 et
982 993 1187 1042 inurant
1233 995 1284 1043 et
1323 996 1589 1058 amputent
1636 997 1686 1044 et
1732 993 2081 1044 constrictent.

220 1081 420 1147 quando
462 1081 569 1130 sine
608 1080 949 1131 instrumento
992 1080 1114 1130 artis
1155 1081 1387 1131 medicus
1431 1097 1542 1132 esse
1582 1098 1680 1132 non
1727 1080 1929 1147 possit?
1993 1081 2082 1131 sed

218 1184 406 1219 accusa
455 1168 588 1219 male
640 1170 917 1230 secantem,
966 1169 1260 1234 importune
1309 1171 1678 1235 amputantem,
1729 1173 1921 1220 temere
1974 1169 2083 1219 inu-
2117 1186 2155 1216 10

217 1259 429 1317 rentem,
478 1259 629 1321 atque
677 1256 750 1306 ita
789 1257 1094 1307 ferramenta
1135 1272 1338 1322 quoque
1379 1257 1489 1307 eius
1529 1259 1589 1307 ut
1627 1257 1762 1307 mala
1799 1256 2085 1307 ministeria

217 1344 542 1410 reprehende.
604 1343 816 1409 proinde
872 1348 952 1395 est
1006 1345 1157 1405 enim,
1215 1360 1330 1395 cum
1388 1345 1540 1396 deum
1597 1345 1803 1411 quidem
1858 1344 2082 1400 iudicem

219 1432 468 1493 admittis,
506 1448 592 1483 eos
626 1448 747 1483 uero
782 1435 954 1483 motus
990 1434 1040 1482 et
1074 1448 1274 1493 sensus,
1317 1448 1406 1498 per
1437 1448 1565 1498 quos
1598 1432 1808 1492 iudicat,
1843 1432 2082 1482 destruis.

218 1521 366 1571 deum
400 1536 495 1572 nos
530 1536 558 1570 a
589 1521 856 1587 prophetis
899 1524 948 1571 et
989 1538 1016 1571 a
1057 1520 1279 1584 ChristO,
1319 1537 1418 1573 non
1460 1538 1487 1572 a
1526 1520 1849 1588 philosophis
1889 1536 1982 1570 nec
2021 1520 2081 1570 ab

217 1609 437 1673 Epicuro
481 1608 759 1660 erudimur.
816 1608 904 1674 qui
945 1608 1205 1659 credimus
1245 1608 1395 1659 deum
1438 1609 1593 1659 etiam
1632 1608 1683 1658 in
1723 1607 1872 1658 terris
1915 1607 2082 1675 egisse
2115 1623 2156 1653 15

218 1698 269 1746 et
308 1695 517 1745 humani
565 1695 773 1745 habitus
821 1695 1169 1746 humilitatem
1211 1695 1503 1760 suscepisse
1543 1712 1599 1746 ex
1639 1711 1794 1746 causa
1834 1695 2084 1745 humanae

219 1783 420 1845 salutis,
476 1784 627 1850 longe
683 1799 862 1834 sumus
919 1800 947 1834 a
1001 1783 1256 1835 sententia
1309 1799 1500 1846 eorum,
1557 1784 1644 1849 qui
1696 1785 1878 1834 nolunt
1930 1782 2081 1833 deum

217 1887 391 1922 curare
441 1871 734 1937 quicquam.
811 1871 927 1922 inde
975 1871 1119 1922 uenit
1164 1871 1226 1922 ad
1272 1872 1556 1923 haereticos
1606 1887 1808 1937 quoque
1856 1869 2082 1927 definitio

218 1959 496 2010 eiusmodi:
576 1960 620 2010 si
686 1960 810 2011 deus
865 1960 1107 2011 irascitur
1160 1965 1211 2011 et
1265 1961 1553 2011 aemulatur
1607 1962 1658 2010 et
1719 1958 1980 2010 extollitur
2033 1962 2085 2008 et

217 2048 562 2108 exacerbatur,
634 2064 751 2114 ergo
816 2050 865 2098 et
920 2050 1290 2113 corrumpetur,
1346 2063 1466 2115 ergo
1522 2050 1573 2098 et
1625 2047 1885 2099 morietur.
1956 2045 2081 2096 bene
2113 2061 2155 2092 20

217 2139 408 2197 autem,
450 2136 584 2201 quod
627 2136 1032 2188 Christianorum
1075 2139 1155 2187 est
1194 2137 1347 2188 etiam
1388 2139 1648 2188 mortuum
1689 2136 1840 2186 deum
1882 2133 2084 2185 credere

216 2228 267 2275 et
319 2227 491 2275 tamen
547 2224 813 2276 uiuentem
867 2225 916 2275 in
974 2240 1101 2276 33113
1154 2241 1416 2276 aeuorum.
1495 2223 1814 2284 stultissimi,
1878 2221 1964 2288 qui
2020 2220 2081 2272 de

217 2313 455 2363 humanis
476 2313 649 2363 diuina
673 2313 1041 2378 praeiudicant,
1067 2315 1142 2374 ut,
1169 2313 1406 2378 quoniam
1430 2314 1483 2364 in
1507 2313 1713 2363 homine
1738 2309 2082 2375 corruptoriae

217 2400 531 2451 condicionis
579 2401 830 2452 habentur
875 2399 1175 2451 huiusmodi
1222 2401 1505 2467 passiones,
1554 2400 1744 2451 idcirco
1794 2402 1844 2449 et
1887 2399 1939 2449 in
1987 2398 2080 2449 deo

216 2489 450 2539 eiusdem
492 2491 660 2540 status
702 2489 1071 2541 existimentur.
1127 2489 1355 2540 discerne
1397 2488 1713 2541 substantias
1754 2489 1806 2538 et
1843 2502 1965 2538 suos
2006 2486 2081 2537 eis
2111 2500 2154 2534 25

217 2576 468 2627 distribue
502 2592 701 2638 33113113,
743 2580 849 2627 tam
884 2577 1116 2632 diuersos
1150 2593 1301 2642 quam
1335 2577 1653 2629 substantiae
1694 2575 1919 2641 exigunt,
1956 2573 2083 2625 licet

215 2665 486 2716 uocabulis
514 2666 892 2717 communicare
919 2665 1205 2726 uideantur,
1226 2697 1293 2701 —
1321 2682 1436 2717 nam
1463 2667 1514 2716 et
1539 2665 1794 2716 dexteram
1826 2665 1877 2714 et
1902 2662 2079 2714 oculos

216 2755 268 2804 et
298 2753 453 2818 pedes
489 2752 571 2804 dei
600 2753 843 2820 legimuS,
884 2769 976 2804 nec
1007 2753 1122 2804 ideo
1155 2756 1324 2804 tamen
1361 2753 1595 2805 humanis
1630 2750 2078 2818 comparabuntur.

215 2840 337 2905 quia
376 2840 436 2890 de
469 2840 809 2906 appellatione
843 2842 1105 2892 sociantur
1136 2872 1204 2877 —-
1238 2844 1427 2907 quanta
1467 2842 1561 2892 erit
1601 2839 1875 2891 diuersitas
1916 2838 2078 2888 diuini

216 2929 442 2995 corporis
485 2931 536 2979 et
573 2929 781 2979 humani
822 2930 915 2980 sub
959 2929 1154 2991 eisdem
1192 2930 1483 2981 nominibus
1524 2929 1888 2988 membrorum,
1937 2928 2079 2977 tanta
2109 2939 2152 2973 30

274 3141 301 3181 4
326 3142 579 3183 seueritatis
610 3141 726 3183 Iun:
757 3142 985 3183 seueritati
1016 3141 1116 3183 MR
1206 3143 1230 3184 5
1262 3141 1447 3184 iustitia.
1481 3139 1771 3198 euindicanda
1802 3141 1897 3181 erat
1926 3153 2079 3195 proca-

216 3214 327 3255 citas
352 3213 513 3256 aetatis
539 3214 843 3256 uerecundiam
872 3215 1073 3257 debentis
1089 3214 1190 3256 MR
1207 3215 1281 3269 (cf.
1307 3227 1422 3268 quae
1439 3214 1661 3255 amotam·
1678 3214 1782 3263 355,
1803 3213 1847 3265 3)
1922 3213 1947 3254 6
1966 3213 2078 3254 acci-

215 3287 327 3328 dunt
346 3286 401 3337 F,
436 3287 649 3330 accedunt
670 3287 772 3330 MR
868 3288 982 3330 sicut
1015 3291 1059 3330 et
1082 3287 1192 3337 MF,
1226 3287 1340 3330 sicut
1362 3287 1407 3330 R
1488 3288 1514 3329 8
1547 3289 1697 3328 secent
1729 3288 1773 3328 et
1802 3286 1979 3328 inurant
2001 3285 2077 3331 R3.

215 3363 367 3402 secent
395 3363 619 3402 'censuram
649 3360 762 3410 MF,
803 3364 954 3403 secent
984 3363 1207 3402 tonsuram
1240 3359 1304 3403 R1
1393 3361 1446 3402 22
1480 3373 1589 3402 33113
1618 3359 1802 3414 scripsi:
1839 3372 1947 3401 aeuo
1978 3358 2079 3402 MR

214 3434 270 3474 23
296 3432 553 3488 praedicant
574 3432 655 3475 Get
745 3434 949 3488 quoniam
967 3433 1098 3485 MR³‚
1125 3433 1341 3488 quomodo
1359 3432 1421 3476 Ιι)1
1482 3433 1535 3475 27
1553 3432 1848 3486 parenthesin
1869 3431 2079 3474 indicaui
