2248 3646
103 1159 142 1189 10

107 1585 145 1614 15

109 2439 150 2470 25

510 223 605 265 VII.
637 223 901 264 Aduersus
932 223 1242 265 Marcionem
1273 223 1346 265 lib.
1378 224 1399 264 Ι
1430 224 1610 265 23-24.
1875 228 1974 276 323

169 380 413 429 modum
460 380 642 444 pater
678 380 915 437 uester,
970 377 1179 442 quiin
1226 379 1433 428 caelis
1482 381 1591 428 est.
1653 380 1824 429 exhibe
1870 397 1976 444 per-

168 466 347 515 fectam
381 479 577 529 quoque
608 463 879 512 bonitatem
913 463 1036 522 01113,
1072 464 1166 512 etsi
1199 463 1258 512 de
1290 464 1579 527 imperfecta
1611 465 1732 512 satis
1767 467 1979 526 constat,

168 565 294 614 quae
332 564 492 613 neque
533 548 773 598 naturalis
811 548 1068 597 inuenitur
1105 563 1264 612 neque
1303 548 1574 597 rationalis.
1625 565 1754 598 nunc
1795 553 1845 599 et
1882 551 1978 601 alio

170 635 337 686 ordine
366 635 676 683 traducetur:
709 648 798 683 nec
829 633 925 682 iam
959 633 1266 696 imperfecta,
1298 633 1452 682 immo
1485 637 1534 682 et
1564 634 1770 694 defecta,
1806 637 1983 700 exigua

171 723 221 770 et
257 720 511 776 exhausta,
552 735 694 783 quae,
732 719 894 768 minor
931 734 1134 768 numero
1174 720 1497 768 materiarum
1537 734 1757 779 suarum,
1799 736 1892 770 non
1931 722 1981 770 in

170 804 401 855 omnibus
435 805 707 854 exhibetur.
747 819 841 853 non
875 803 1002 853 enirn
1042 820 1212 854 omnes
1246 804 1375 853 salui
1413 805 1554 857 finnt.
1596 806 1683 854 sed
1720 807 1981 868 pauciores

172 890 400 939 omnibus
454 892 505 939 et
554 890 753 939 Iudaeis
811 891 860 938 et
906 888 1205 939 Christianis
1262 890 1509 939 creatoris.
1578 890 1807 953 pluribus
1863 906 1981 940 uero

172 974 497 1039 pereuntibus
544 974 793 1038 quomodo
840 975 1061 1037 perfecta
1108 974 1388 1023 defenditur
1439 974 1635 1024 bonitas
1691 991 1743 1024 ex
1798 977 1982 1026 maiore

171 1062 308 1124 parte
333 1060 587 1111 cessatrix,
620 1060 793 1123 paucis
828 1059 1008 1123 aliqua,
1042 1059 1271 1123 pluribus
1306 1059 1456 1109 nulla.
1492 1060 1669 1109 cedens
1703 1061 1983 1123 perditioni,

171 1145 407 1210 partiaria
451 1145 620 1194 exitii?
682 1144 860 1208 quodsi
899 1145 1067 1208 plures
1109 1144 1237 1193 salui
1278 1160 1369 1193 non
1413 1148 1570 1204 erunt,
1621 1146 1713 1193 erit
1750 1147 1849 1195 iam
1889 1163 1984 1196 non

172 1230 384 1289 bonitaS,
432 1230 519 1280 sed
565 1230 758 1279 malitia
795 1230 1073 1292 perfectior.
1139 1230 1272 1279 sicut
1311 1230 1438 1278 enim
1482 1231 1721 1280 bonitatis
1764 1233 1986 1295 operatio

173 1318 266 1376 est,
308 1330 433 1379 quae
464 1315 585 1364 facit
616 1316 802 1374 saluos,
842 1314 912 1363 ita
950 1314 1299 1379 malignitatis⁹
1342 1331 1466 1378 quae
1505 1331 1598 1364 non
1641 1316 1759 1365 facit
1800 1317 1982 1368 saluos

174 1401 333 1466 magis
373 1403 538 1450 autem
578 1415 670 1450 non
709 1400 894 1449 faciens
937 1401 1122 1458 saluos,
1165 1400 1281 1448 dum
1323 1415 1506 1464 paucos
1547 1400 1682 1460 facit,
1722 1402 1987 1464 perfectior

174 1487 269 1536 erit
295 1486 343 1535 in
376 1502 471 1536 non
509 1486 726 1536 iuuando
767 1501 914 1549 quam
948 1485 1047 1549 <in>
1077 1486 1310 1536 iuuante.
1346 1501 1440 1534 non
1475 1487 1661 1550 poteris
1696 1489 1744 1535 et
1775 1487 1824 1535 in
1858 1503 1987 1537 crea-

176 1574 331 1621 torem
384 1571 564 1620 referre
617 1571 855 1621 bonitatis
907 1571 956 1619 in
1012 1585 1182 1619 omnes
1237 1571 1584 1620 defectionem.
1653 1587 1798 1635 quem
1855 1574 1986 1622 enim

175 1656 392 1705 iudicem
450 1659 606 1715 teneS‚
677 1655 1088 1720 dispensatorem,
1152 1656 1194 1703 si
1256 1655 1400 1716 forte,
1462 1656 1701 1705 bonitatis
1765 1657 1986 1706 ostendis

175 1742 582 1807 intellegendum,
621 1757 715 1791 non
749 1742 1075 1805 profusorem,
1117 1742 1247 1805 quod
1286 1744 1373 1790 tuo
1415 1742 1504 1791 deo
1548 1742 1788 1791 uindicaS.
1829 1758 1989 1807 usque

179 1827 297 1877 adeo
341 1828 433 1877 hac
479 1829 586 1877 sola
623 1843 735 1877 eum
776 1827 993 1891 praefers
1031 1828 1254 1877 bonitate
1295 1828 1518 1877 creatori.
1560 1843 1708 1891 quam
1749 1828 1789 1877 si
1829 1830 1988 1878 solam

176 1913 437 1977 profitetur
483 1917 532 1962 et
576 1916 750 1971 totam,
799 1914 923 1963 nulli
971 1900 1143 1963 deesse
1191 1913 1442 1962 debuerat.
1507 1914 1593 1963 sed
1639 1914 1751 1965 nolo
1790 1914 1888 1962 iam
1931 1915 1989 1963 de

176 2000 314 2063 parte
360 2000 542 2049 maiore
589 2000 903 2063 pereuntium
948 2000 1269 2064 imperfectae
1313 1999 1553 2048 bonitatis
1594 2014 1799 2061 arguere
1839 1999 1988 2049 deum

178 2084 467 2135 Marcionis:
501 2085 690 2134 sufficit
719 2085 873 2149 ipsos,
916 2100 1039 2148 quos
1080 2085 1248 2134 saluos
1282 2085 1416 2143 facit,
1456 2085 1776 2147 imperfectae
1810 2085 1988 2134 salutis

175 2170 409 2220 inuentos
447 2171 788 2234 imperfectam
829 2171 1103 2219 bonitatem
1143 2171 1249 2218 eius
1290 2170 1567 2226 ostendere,
1602 2170 1796 2218 scilicet
1831 2170 1993 2219 anima

177 2256 321 2305 tenus
362 2256 547 2315 saluOS‚
588 2271 730 2305 earne
770 2257 1069 2320 deperditos,
1105 2271 1229 2318 quae
1271 2255 1401 2318 apud
1441 2256 1591 2303 illum‘
1626 2271 1719 2303 non
1760 2256 1990 2319 resurgit.

177 2340 306 2389 unde
337 2340 457 2390 haec
488 2340 766 2390 dimidiatio
798 2341 976 2390 salutis
1007 2341 1106 2389 nisi
1145 2355 1200 2389 ex
1239 2340 1517 2389 defectione
1555 2340 1831 2389 bonitatis?
1872 2341 1992 2403 quid

180 2429 285 2475 erat
341 2426 588 2491 perfectae
648 2427 886 2477 bonitatis
942 2442 1091 2491 quam
1142 2428 1305 2475 totum
1360 2425 1612 2474 hominem
1666 2425 1889 2490 redigere
1942 2426 1997 2474 in-

179 2512 411 2572 salutem‚
464 2514 629 2561 totum
684 2513 973 2562 damnatum
1021 2527 1048 2561 a
1094 2513 1324 2572 creatore,
1377 2513 1541 2559 totum
1590 2526 1617 2559 a
1663 2511 1752 2559 deo
1801 2512 1990 2574 optimo

180 2597 464 2647 adlectum?
507 2598 639 2661 quod
676 2599 848 2656 sciam,
889 2601 940 2647 et
978 2613 1088 2647 caro
1135 2598 1347 2662 tingitur
1392 2596 1526 2662 apud
1571 2597 1733 2656 illum,
1782 2600 1831 2645 et
1877 2612 1988 2645 caro

181 2682 239 2731 de
276 2683 466 2748 nuptiis
506 2679 717 2743 tollitur,
759 2686 809 2733 et
847 2700 957 2733 caro
996 2685 1043 2732 in
1086 2683 1396 2732 confessione
1437 2682 1651 2730 nominis
1691 2681 1989 2731 desaeuitur.

181 2769 268 2818 sed
306 2771 356 2819 et
393 2770 435 2820 si
475 2770 609 2819 carni
647 2770 830 2818 delicta
866 2772 1175 2833 reputantur,
1215 2768 1469 2831 praecedit
1508 2768 1697 2815 animae
1736 2770 1902 2815 reatus
1944 2770 1994 2814 et

237 2922 263 2962 2
295 2922 399 2963 eius.
432 2923 512 2963 etsi
535 2923 668 2976 uuzyo
747 2923 772 2962 3
797 2922 1032 2972 rationalis,
1057 2935 1170 2962 nunc
1192 2922 1323 2974 uulyo
1404 2921 1429 2961 5
1457 2934 1562 2973 quae
1586 2922 1634 2961 m
1658 2921 1754 2963 Zz'br.
1779 2932 1875 2967 mss.
1896 2924 1995 2971 post

182 3005 347 3034 suarum
375 2993 586 3034 traditum
610 2994 694 3035 huc
716 2994 971 3047 transposui
1029 2994 1052 3033 7
1073 2997 1115 3033 et
1138 2993 1300 3044 (pr-ius)
1324 3005 1402 3032 om.
1421 2992 1468 3032 F
1525 2992 1576 3032 14
1599 2991 1640 3031 in
1669 2991 1826 3031 addidi
1911 3003 1994 3030 11011

182 3065 340 3118 poteris
366 3066 575 3116 <autem>
604 3068 648 3106 et
667 3066 778 3117 fort.
869 3066 920 3105 15
945 3065 1152 3105 bonitatis
1183 3064 1359 3116 scripsi:
1389 3064 1628 3104 bonitatem
1654 3063 1750 3103 MR
1781 3061 1998 3114 (potueris

184 3140 224 3177 et
250 3136 498 3177 rescribere:
519 3136 759 3178 bonitatem
784 3137 825 3176 in
859 3149 1005 3177 ornnes
1038 3135 1346 3184 defectiuam)
1453 3134 1501 3174 17
1534 3138 1607 3174 tuo
1641 3133 1718 3174 deo
1743 3133 1808 3181 M,
1841 3136 1913 3172 tuo
1939 3132 1995 3182 R,

185 3206 263 3248 deo
295 3211 368 3248 tuo
392 3207 506 3249 Pam
605 3221 740 3261 usque
765 3206 871 3248 adeo
903 3207 1080 3248 notione
1108 3207 1277 3247 rao-iore
1294 3225 1345 3240 z
1363 3206 1470 3258 quin
1501 3206 1630 3245 etiam
1688 3213 1691 3216 ’
1718 3204 1768 3244 18
1802 3202 1995 3252 creatori,

186 3291 309 3330 quam
354 3279 487 3331 uulyo
600 3279 655 3319 20
694 3278 969 3331 imperfectae
1021 3276 1226 3318 Ochlerus
1271 3277 1337 3324 (iu
1379 3276 1511 3325 notis)
1575 3273 1860 3324 inperfectum
1899 3272 1996 3313 MR

185 3347 240 3390 24
271 3350 372 3402 quid
404 3353 496 3390 erat
525 3348 636 3398 MR,
668 3348 772 3403 quid
803 3350 912 3390 enim
945 3351 1032 3389 tam
1066 3348 1156 3388 Lat
1241 3348 1293 3387 27
1327 3347 1456 3388 sciam
1488 3345 1594 3398 R-zssy:
1627 3346 1663 3386 si
1694 3346 1777 3385 iam
1807 3343 1905 3384 MR

1858 3425 1937 3467 21*
