2248 3646
758 871 1382 959 PRAEFATIO.

231 1058 491 1137 Editionis
537 1086 688 1136 huius
729 1086 951 1136 ordinem
991 1086 1050 1135 ab
1088 1085 1322 1151 Augusto
1361 1085 1715 1136 Reifferscheid
1758 1102 1845 1151 per
1880 1087 1977 1137 tria

162 1172 420 1223 uolumina
469 1171 542 1222 ita
593 1171 914 1236 dispositum,
965 1173 1024 1220 ut
1074 1170 1313 1221 uolumen
1367 1171 1642 1221 secundum
1690 1173 1740 1221 et
1791 1170 1978 1236 scripta

164 1257 350 1308 codicis
402 1255 708 1321 Agobardini
759 1257 809 1305 in
861 1259 998 1306 tomo
1050 1255 1208 1320 primo
1261 1271 1358 1305 non
1411 1255 1545 1306 edita
1597 1256 1873 1306 contineret
1926 1259 1977 1306 et

165 1358 248 1393 eos
316 1340 611 1391 Tertulliani
676 1341 850 1401 libros,
918 1355 1131 1405 quorum
1192 1340 1413 1390 recensio
1472 1341 1649 1391 nititur
1718 1341 1976 1391 codicibus

164 1428 360 1477 saeculo
416 1427 588 1491 quinto
645 1426 835 1476 decimo
888 1425 1323 1489 uetustioribuS,1)
1373 1441 1433 1475 ne
1476 1427 1610 1476 ultra
1654 1426 1859 1476 modum
1906 1426 1976 1476 in-

164 1515 408 1563 cresceret
450 1512 600 1562 huius
647 1511 920 1561 uoluminis
968 1510 1203 1567 ambituS,
1248 1511 1321 1560 ita
1367 1511 1561 1561 censuit
1604 1511 1975 1561 immutandum

163 1597 248 1661 qui
299 1600 417 1663 post
451 1595 847 1647 Reifferscheidii
898 1597 1111 1646 mortem
1162 1595 1212 1644 in
1258 1611 1470 1645 uacuam
1516 1596 1621 1647 eius
1668 1595 1978 1660 prouinciam

164 1683 372 1732 intrauit
403 1680 698 1747 Georgius
729 1681 1016 1731 Wissowa
1053 1680 1306 1741 Halensis,
1346 1683 1405 1730 ut
1434 1681 1633 1745 utrique
1662 1681 1740 1731 illi
1771 1680 1977 1731 secundi

163 1767 434 1817 uoluminis
455 1766 585 1830 parti
617 1782 766 1817 suum
799 1766 937 1815 daret
966 1765 1280 1815 fasciculum.
1314 1779 1338 1814 e
1370 1765 1552 1830 quibus
1584 1781 1697 1816 cum
1729 1766 1837 1830 ipse
1869 1781 1977 1816 sus-

165 1854 350 1916 ciperet
388 1851 725 1902 adornandum
770 1851 1002 1916 priorem,
1042 1852 1100 1900 ut
1137 1851 1388 1915 aliquanto
1430 1851 1640 1901 celerius
1686 1851 1979 1915 procederet

166 1953 288 2000 opus
326 1938 442 2000 post
478 1936 874 1986 Reifferscheidii
915 1950 1056 1986 curas
1088 1936 1236 1985 nimis
1270 1935 1355 1984 diu
1386 1935 1735 2000 interceptum,
1772 1935 1977 1985 alterius

164 2022 226 2071 ad
262 2036 340 2071 me
380 2021 563 2071 detulit
598 2021 897 2071 Academiae
938 2020 1206 2071 Caesareae
1238 2020 1638 2070 Vindobonensis
1679 2020 1976 2070 auctoritate

162 2106 518 2165 recensionem,
573 2120 721 2168 quam
771 2105 885 2155 inde
939 2105 999 2155 ab
1046 2108 1237 2155 aestate
1286 2106 1417 2155 1901
1466 2105 1754 2156 institutam
1795 2107 1845 2155 et
1880 2119 1975 2153 non

164 2193 268 2242 sine
297 2190 637 2241 munificentia
658 2190 953 2241 Academiae
985 2205 1072 2254 per
1101 2189 1521 2255 intercapedinem
1545 2190 1763 2240 muneris
1787 2189 1977 2255 publici

164 2278 415 2341 peractam
453 2276 655 2326 iamiam
692 2275 1016 2340 proponimus
1055 2275 1178 2325 uiris
1218 2275 1393 2325 doctis.

237 2361 561 2411 Continentur
611 2360 767 2425 igitur
816 2361 864 2410 in
917 2361 1010 2411 hoc
1062 2360 1319 2410 uolumine
1373 2375 1430 2410 ea
1473 2359 1767 2410 Tertulliani
1811 2376 1974 2427 opera,

168 2463 291 2511 quae
329 2447 642 2511 reperiuntur
678 2447 726 2495 in
766 2446 962 2496 duobus
996 2446 1182 2496 saeculi
1213 2445 1465 2496 undecimi
1494 2446 1637 2496 libris
1669 2446 1976 2510 manuscrip-

167 2532 303 2595 tis,2)
342 2532 874 2595 Montepessulano
929 2531 1098 2582 codice
1138 2530 1243 2597 (M)
1283 2534 1333 2580 et
1375 2530 1827 2581 Paterniacensi
1867 2529 1974 2598 (P),

167 2617 229 2667 ad
267 2632 391 2682 quos
431 2616 674 2667 accedunt
712 2616 953 2666 editiones
985 2616 1213 2681 princeps
1247 2618 1296 2665 et
1326 2616 1474 2666 tertia
1503 2616 1674 2665 Beati
1713 2616 1976 2665 Rhenani

168 2702 260 2765 (Rl
312 2706 360 2753 et
411 2701 522 2769 13³),
576 2702 1020 2768 Hirsaugiensibus
1075 2701 1269 2752 scilicet
1321 2701 1462 2752 libris
1515 2701 1872 2766 manuscriptis
1926 2703 1977 2751 et

168 2787 423 2838 Gorziensi
473 2785 569 2853 (G)
623 2790 995 2850 superstructae
1047 2786 1194 2836 hodie
1248 2785 1533 2850 deperditis,
1591 2786 1641 2835 in
1693 2786 1976 2835 subsidium

167 2875 333 2922 autem
371 2874 616 2922 uocantur
654 2872 750 2922 duo
791 2872 987 2922 codices
1018 2872 1152 2934 Itali,
1183 2871 1517 2922 Florentini
1547 2871 1605 2920 N
1631 2873 1683 2921 et
1712 2870 1775 2934 F,
1808 2873 1857 2921 et
1887 2887 1974 2935 pro

164 2957 305 3008 libris
345 2956 403 3006 de
429 2959 683 3020 patientia
722 2961 771 3007 et
810 2957 868 3008 dc
898 2958 1067 3007 carnis
1095 2958 1447 3009 resurrectione
1479 2957 1630 3007 editio
1665 2971 1789 3020 quae
1819 2956 1975 3022 uulgo

244 3122 273 3174 1)
306 3122 356 3164 cf.
389 3122 473 3164 uol.
504 3123 525 3164 1
555 3123 687 3177 praef.
716 3138 757 3178 p.
790 3124 862 3166 VI.

239 3191 269 3245 2)
303 3192 420 3244 Quae
449 3192 494 3234 in
525 3192 669 3236 codice
691 3194 1016 3236 Paterniacensi
1047 3193 1299 3235 exhibentur
1322 3184 1576 3235 Tertulliani
1606 3207 1735 3248 opera
1765 3193 1816 3235 de
1844 3206 1977 3236 carne

171 3262 345 3316 Christi,
394 3263 444 3305 de
480 3264 827 3319 praescriptione
870 3266 1197 3316 haereticorum,
1244 3264 1455 3307 aduersus
1496 3264 1689 3307 Iudaeos
1740 3277 1825 3305 non
1875 3263 1974 3305 huic

170 3334 377 3376 uolumini
415 3334 490 3376 sed
528 3335 712 3377 secundo
751 3338 874 3378 erant
909 3334 1147 3386 inserenda,
1187 3336 1288 3390 quia
1323 3335 1464 3389 priora
1495 3335 1575 3377 duo
1606 3335 1651 3376 in
1685 3335 1973 3389 Agobardin0‚

168 3408 429 3459 postremum
461 3406 505 3447 in
535 3405 739 3449 Fuldensi
770 3420 936 3462 quoque
969 3409 1107 3449 exstat
1137 3406 1291 3449 codice.
