2248 3646
677 227 748 268 VI.
782 227 1042 267 Aduersus
1073 227 1304 267 Praxean
1336 227 1402 267 25.
1435 227 1502 267 26.
1896 230 1993 278 277

185 390 239 432 et
272 383 437 431 deum
473 398 660 431 meum
694 386 750 432 et
782 384 951 432 deum
983 387 1266 433 uestrum.
1297 386 1439 447 pater
1470 383 1529 432 ad
1554 387 1770 447 patrem,
1798 385 1849 432 et
1873 383 1993 432 deus

181 469 242 517 ad
280 468 460 517 deum?
501 484 558 517 an
598 467 732 517 filius
774 468 834 517 ad
872 471 1083 532 patrem,
1125 471 1176 518 et
1206 484 1367 518 sermo
1408 468 1470 517 ad
1502 468 1687 518 deum?
1725 469 1838 534 ipsa
1877 484 1995 532 quo-

182 568 274 617 que
321 553 548 603 clausula
593 554 842 619 euangelii
888 557 1091 618 propter
1136 554 1255 617 quid
1302 554 1566 618 consignat
1617 554 1739 603 haec
1794 555 1996 619 scripta,

181 639 297 688 nisi:
349 642 411 686 ut
458 638 739 700 credatis,
788 638 967 701 inquit,
1014 639 1210 687 Iesum
1256 636 1562 687 Christum
1615 637 1814 686 filium
1869 638 1994 688 dei‘?

136 744 153 772 5
181 724 335 790 igitur
372 739 714 788 quaecumque
748 739 802 772 ex
834 724 911 772 his
950 724 1208 787 putaueris
1250 723 1310 772 ad
1350 723 1826 773 demonstrationem
1866 724 1995 772 eius-

107 1170 145 1200 10

109 1594 148 1625 15

105 2446 144 2477 25

180 809 288 857 dem
336 810 492 873 patris
533 811 588 858 -et
632 809 726 858 filii
763 809 999 873 proficere
1045 809 1140 858 tibi
1177 824 1342 872 posse,
1392 809 1635 858 aduersus
1684 807 1994 857 definitiuam

179 894 426 958 euangelii
473 894 771 943 sententiam
817 893 1006 943 niteris.
1053 910 1147 943 non
1196 894 1306 943 ideo
1355 893 1483 942 enim
1531 894 1718 957 scripta
1764 896 1894 956 sunt,
1939 897 1996 943 ut

176 982 367 1042 patrem
407 979 576 1029 credas
617 980 786 1028 Iesum
826 975 1099 1039 Christum,
1140 979 1228 1028 sed
1267 982 1323 1027 ut
1360 978 1537 1029 filium.

249 1066 330 1115 26.
370 1065 579 1128 Propter
617 1081 771 1113 unum
811 1064 1031 1128 Philippi
1078 1080 1356 1114 sermonem
1398 1067 1446 1114 et
1492 1063 1677 1113 domini
1715 1065 1994 1128 responsio-

178 1165 287 1199 nem
335 1150 396 1199 ad
442 1166 554 1199 eum
603 1150 832 1199 uidemur
875 1150 1110 1199 Iohannis
1157 1150 1477 1215 euangelium
1526 1149 1886 1209 decucurrisse,
1935 1165 1993 1197 ne

176 1238 252 1285 tot
289 1235 553 1284 manifeste
592 1237 911 1300 pronuntiata
958 1238 1008 1285 et
1047 1237 1158 1285 ante
1199 1239 1248 1285 et
1285 1239 1461 1300 postea
1499 1249 1630 1284 unus
1672 1250 1836 1284 sermo
1878 1236 1993 1283 sub-

179 1322 354 1381 uertat‚
402 1321 676 1371 secundum
716 1322 881 1376 omnia
919 1321 1088 1385 potius
1135 1337 1281 1385 quam
1324 1321 1566 1370 aduersus
1615 1321 1793 1381 omnia,
1842 1320 1993 1369 etiam

177 1406 416 1456 aduersus
464 1422 582 1456 suos
631 1422 825 1468 sensus,
871 1407 1288 1470 interpretandus.
1345 1411 1564 1456 ceterum
1615 1408 1669 1455 ut
1713 1406 1810 1454 alia
1849 1420 1994 1454 euan-

178 1491 306 1556 gelia
358 1507 486 1541 nunc
537 1493 863 1556 interponam,
925 1508 1051 1555 quae
1090 1492 1200 1557 <de>
1238 1493 1502 1541 natiuitate
1543 1491 1792 1541 dominica
1843 1489 1993 1539 fidem

179 1575 485 1636 confirmant
540 1577 729 1626 sufficit
782 1593 912 1638 eum⁷
970 1578 1051 1641 qui
1104 1578 1243 1627 nasci
1295 1577 1512 1626 habebat
1564 1592 1620 1625 ex
1665 1576 1875 1641 uirgine,
1932 1575 1990 1624 ab

174 1661 282 1723 ipso
344 1662 638 1711 adnuntialiv
680 1663 855 1728 angelo
916 1661 1075 1712 filium
1136 1663 1212 1712 dei
1268 1663 1679 1712 determinatum:
1736 1661 1991 1725 spiritus

177 1746 268 1795 dei
309 1748 699 1811 superueniet
736 1751 896 1809 inte,
947 1751 1003 1798 et
1041 1749 1236 1798 uirtus
1279 1749 1570 1798 altissimi
1611 1747 1992 1797 obumbrabit

175 1836 252 1880 te:
294 1835 608 1897 propterea
647 1834 801 1897 quod
840 1836 1126 1884 nascetur·
1163 1850 1224 1884 ex
1263 1837 1320 1883 te
1361 1837 1628 1884 sanctum
1669 1833 1992 1882 uocabitur

174 1917 343 1967 filius
392 1919 498 1968 dei.
553 1920 725 1978 uolent
772 1919 972 1983 quidem
1022 1924 1070 1969 et
1115 1920 1196 1969 hic
1249 1919 1606 1985 argumentari,
1662 1919 1749 1968 sed
1802 1918 1989 1967 ueritas

174 2005 494 2066 praeualebit.
521 2010 746 2069 ‘nempe'‚
770 2006 1020 2069 inquiunt,
1047 2005 1196 2055 ‘filius
1224 2006 1302 2055 dei
1330 2006 1452 2056 deus
1479 2008 1571 2066 est,
1600 2024 1722 2060 σεῦε*
1752 2006 1802 2053 et
1829 2004 1988 2052 uirtus

171 2090 405 2138 altissimi
444 2090 723 2140 altissimus
757 2093 864 2141 est’.
896 2107 983 2140 nec
1016 2092 1172 2155 pudet
1201 2091 1537 2149 illisinicere,
1578 2090 1727 2154 quod,
1762 2089 1805 2139 si
1837 2092 1988 2147 esset,

173 2175 412 2238 scriptum
445 2176 643 2225 fuisset.
685 2192 830 2240 quem
865 2177 994 2226 enim
1029 2178 1309 2237 uerebatur,
1350 2179 1408 2225 ut
1438 2192 1534 2225 non
1568 2178 1736 2240 aperte
1774 2189 1988 2239 pronun-

170 2259 336 2308 tiaret:
363 2259 502 2309 ‘deus
535 2262 887 2323 superuenietss
922 2263 971 2310 et
1001 2261 1297 2310 ‘altissimus
1333 2260 1655 2310 obumbrabit
1684 2262 1785 2309 te‘?
1819 2260 1988 2309 dicens

172 2349 340 2393 autem
379 2346 600 2409 ‘spiritus
643 2347 754 2405 dei',
803 2347 899 2395 etsi
939 2347 1146 2410 spiritus
1187 2347 1266 2396 dei
1305 2364 1394 2406 aaz,
1435 2350 1601 2395 tamen
1649 2362 1744 2395 non
1799 2345 1986 2394 directo

172 2429 318 2478 deum
348 2430 622 2491 nominans,
656 2433 934 2495 portionem
965 2432 1124 2481 totius
1155 2432 1384 2496 intellegi
1416 2431 1596 2489 uoluit,
1625 2446 1750 2494 quae
1784 2446 1988 2480 cessura

174 2518 275 2564 erat
319 2516 367 2563 in
414 2515 503 2564 filii
550 2532 742 2566 nomen.
796 2517 876 2566 hic
923 2518 1130 2581 spiritus
1181 2517 1259 2567 dei
1304 2518 1436 2566 idem
1486 2518 1579 2566 erit
1623 2532 1799 2566 sermo,
1856 2517 1989 2564 sicut

312 2613 355 2665 4]
389 2612 480 2653 10h.
513 2615 579 2667 20,
613 2615 680 2657 31.
772 2615 840 2668 16]
874 2615 974 2657 Luc.
1011 2616 1046 2661 1,
1079 2615 1145 2656 35.

231 2699 248 2737 1
278 2700 320 2738 et
345 2698 466 2739 deum
491 2713 630 2741 meum
654 2700 753 2740 PM
772 2700 844 2755 (cf.
870 2703 977 2754 284,
1003 2703 1087 2753 15),
1120 2700 1245 2741 deum
1275 2714 1414 2741 meum
1449 2700 1534 2742 FR
1615 2701 1640 2742 8
1673 2698 1813 2740 Iesum
1843 2697 1916 2751 R3‚
1942 2698 1984 2738 in

169 2767 309 2809 Iesum
341 2768 541 2812 PMFR1
631 2771 682 2812 10
713 2770 947 2812 decurrisse
970 2771 1018 2811 F
1096 2772 1145 2811 14
1175 2785 1287 2812 nunc
1316 2771 1493 2824 scripsi:
1523 2784 1606 2811 non
1637 2770 1783 2811 PMF
1874 2768 1990 2822 <de>

170 2839 401 2880 natiuitate
431 2840 568 2882 Pam:
596 2842 826 2882 natiuitate
857 2842 1000 2883 PMF
1078 2844 1127 2883 15
1161 2856 1253 2883 eum
1285 2841 1361 2894 R3,
1394 2843 1503 2883 enim
1536 2841 1736 2884 PMFR1
1828 2842 1877 2883 16
1911 2840 1984 2880 ad-

171 2910 356 2951 nuntiali
392 2912 569 2964 scripsi.-
598 2911 843 2955 adnuntiari
858 2913 1001 2954 PMF
1113 2913 1396 2954 determinate
1420 2913 1520 2966 Enq
1544 2913 1798 2964 (defendens
1821 2913 1983 2953 adnun-

170 2981 285 3034 tiari)
361 2984 409 3023 17
429 2985 472 3023 in
489 2987 532 3024 te
550 2996 629 3025 om.
646 2984 694 3025 F
765 2985 815 3031 LS
832 2985 1058 3027 uocabitur
1074 2987 1267 3026 sanctum
1283 2985 1330 3026 F
1399 2985 1452 3026 20
1470 2985 1647 3038 spiritus
1666 2984 1734 3025 dei
1750 2997 1866 3037 susp.
1884 2985 1986 3037 Eny

171 3055 278 3105 (non
292 3054 491 3106 probans
513 3068 642 3108 quam
664 3056 866 3097 indicaui
889 3056 1110 3110 lacunam)
1220 3056 1425 3097 lacunam
1448 3056 1646 3109 signam.-
1669 3057 1718 3095 ut
1742 3059 1784 3095 et
1808 3055 1983 3108 spiritus

173 3125 240 3165 dei
265 3124 367 3165 deus
392 3135 457 3166 est
480 3126 747 3168 intercidisse
762 3132 872 3180 puto,
960 3127 1011 3167 21
1038 3128 1125 3168 iilis
1148 3128 1328 3180 scripsi:
1350 3127 1448 3168 illos
1472 3126 1580 3178 PM,
1604 3127 1679 3167 illo
1696 3126 1744 3166 F
1826 3126 1983 3167 inicere

169 3196 275 3248 PM,
308 3198 475 3238 uincere
505 3197 552 3237 F
665 3198 1066 3251 quod-uerebatur
1096 3212 1174 3239 om.
1205 3198 1252 3238 F
1344 3199 1397 3238 24
1430 3198 1511 3239 etsi
1541 3198 1739 3251 spiritum
1771 3196 1839 3238 dei
1870 3197 1982 3250 Euy,

169 3268 283 3309 ‘nihil
304 3273 533 3321 praeterea
558 3269 808 3311 desiderans
909 3271 1115 3312 lacunam
1136 3270 1336 3323 siynaui:
1365 3268 1466 3310 deus
1492 3269 1609 3322 capit
1632 3268 1716 3310 dici
1738 3267 1983 3321 supplenda

171 3353 338 3382 censeo:
371 3340 475 3382 deus
507 3340 680 3382 addidit
717 3340 799 3382 Urs
884 3342 938 3384 26
963 3342 1044 3382 erit
1066 3342 1096 3395 (i
1119 3355 1140 3382 s
1164 3355 1187 3381 a
1213 3355 1240 3382 a
1261 3354 1315 3381 m.
1340 3344 1377 3387 1)
1405 3340 1461 3381 Μ
1566 3341 1677 3381 sicut
1706 3339 1818 3390 MF,
1850 3339 1910 3379 sic
1941 3339 1984 3378 P
