2248 3646
874 279 1220 321 Praefatio.
1870 285 1966 335 XV

134 437 482 490 ADVERSVS
538 435 1081 486 VALENTINIANOS
1135 424 1243 485 LOE
1304 437 1327 485 I
1379 437 1732 488 ADVERSVS
1796 439 1961 490 MAR-

134 513 331 576 CIONF:
355 511 476 572 1211}
509 521 570 583 V,
603 524 711 571 tum
747 522 806 571 ab
841 520 937 571 alia
966 537 1116 570 manu
1142 522 1417 571 recentiore
1442 522 1669 571 additum
1703 526 1800 573 est:
1835 524 1963 573 Post

131 626 215 659 sex
245 610 525 672 superiores
562 607 818 670 adpositus
856 609 923 656 est
954 606 1345 670 eleyantz'ssiwms
1378 605 1497 656 liber
1526 606 1873 672 Apoloyeticus
1903 609 1964 660 de

128 694 414 759 {quoi-antia
461 693 539 742 clei
575 693 631 741 in
674 691 871 742 Christo
909 693 1016 741 iesu
1054 692 1138 757 qui
1165 691 1468 754 perhibetur.
1522 709 1684 757 usque
1722 694 1771 742 in
1810 693 1956 744 finem

125 780 240 829 libri
272 779 432 843 quinti
471 778 714 828 aduersus
749 777 1066 826 Marcionem
1104 776 1163 827 ab
1206 778 1376 827 eadem
1409 793 1559 827 manu
1593 782 1820 829 exaratus
1855 781 1957 840 est;

127 865 211 929 qui
257 867 432 929 postea
479 864 537 913 ab
587 863 684 912 alia
727 878 876 912 manu
923 862 1123 912 additus
1172 865 1249 912 est
1291 862 1419 913 liber
1455 862 1804 927 Apoloyetz‘eus
1840 879 1955 915 meo

123 949 323 1014 quidem
362 948 550 999 iudicio
587 964 617 999 a
656 947 843 998 saeculi
883 947 1165 997 duodecimi
1195 963 1344 997 manu
1379 948 1598 1013 scriptus
1639 952 1732 998 est.
1771 950 1954 1014 prioris

122 1033 277 1101 partis
331 1034 566 1085 librarius
621 1049 745 1098 quae
797 1032 847 1082 in
895 1033 1219 1083 describendo
1259 1036 1557 1097 peccauerat
1595 1049 1691 1083 non
1730 1034 1803 1084 ita
1839 1050 1952 1086 raro

120 1120 395 1170 secundum
437 1120 686 1183 exemplar
727 1134 875 1168 suum
923 1118 1134 1169 correxit
1184 1123 1264 1178 (m.
1319 1117 1392 1185 1),
1446 1119 1742 1184 plerumque
1797 1134 1949 1184 supra

119 1221 321 1255 uersum
350 1205 592 1254 adnotans
611 1204 858 1254 ueriorem
885 1203 1201 1267 scripturam,
1219 1204 1471 1253 interdum
1490 1203 1641 1253 etiam
1658 1204 1706 1253 in
1725 1204 1950 1270 margine

116 1290 199 1339 uel
237 1290 286 1339 in
327 1291 490 1354 spatio
529 1290 658 1339 inter
697 1289 822 1339 duas
864 1289 1122 1339 columnas
1161 1290 1354 1340 relicto.
1398 1291 1594 1353 praeter
1623 1290 1750 1339 113110
1782 1289 1949 1353 ipsius

115 1375 305 1425 librarii
337 1390 538 1426 manum
566 1374 715 1424 etiam
742 1375 839 1424 alia
864 1375 945 1424 hic
968 1374 1074 1424 11110
1101 1377 1355 1439 comparet
1378 1377 1460 1439 (m.
1483 1375 1538 1438 2)
1563 1390 1659 1425 non
1684 1375 1845 1425 multo
1872 1390 1945 1425 re-

116 1460 321 1522 centior,
348 1475 472 1524 quae
500 1462 549 1510 et
572 1475 723 1525 supra
752 1475 957 1510 uersum
983 1460 1270 1509 emendauit
1295 1463 1454 1510 errata
1485 1476 1663 1510 manus
1688 1460 1868 1525 prioris
1895 1462 1947 1510 et

112 1544 296 1604 (multo
336 1545 558 1610 saepius)
597 1545 645 1594 in
685 1546 909 1610 margine
949 1545 1142 1595 addidit
1180 1561 1305 1609 quae
1342 1546 1472 1595 inter
1508 1545 1663 1596 uerba
1693 1545 1938 1595 desidera-

112 1631 307 1681 bantur.
355 1631 445 1680 has
486 1632 655 1680 autem
693 1629 901 1679 lacunas
938 1629 1039 1679 iam
1076 1630 1125 1678 in
1166 1630 1434 1695 archetypo
1467 1629 1655 1680 codicis
1686 1629 1759 1678 M
1781 1629 1941 1679 fuisse

109 1716 224 1765 inde
264 1717 482 1780 apparet,
525 1715 657 1779 quod
697 1715 897 1765 eaedem
938 1715 1086 1764 etiam
1126 1715 1175 1764 in
1215 1714 1588 1766 Paterniacensi
1624 1716 1943 1779 reperiuntur

109 1801 295 1851 codice.
336 1800 554 1865 sumpsit
592 1800 749 1866 igitur
786 1800 909 1850 haec
951 1802 1197 1850 corrector
1233 1800 1319 1850 1110
1360 1816 1415 1850 ex
1454 1800 1551 1850 alio
1594 1800 1784 1861 codice,
1827 1800 1938 1850 siue

110 1901 165 1934 ex
190 1885 636 1952 Hirsaugiensibus
669 1885 812 1935 libris
853 1886 961 1935 siue
1001 1901 1058 1936 ex
1087 1886 1214 1936 libro
1246 1886 1449 1936 illorum
1482 1886 1634 1947 affini,
1675 1901 1787 1936 cum
1821 1902 1937 1936 nus-

107 1987 255 2035 quam
296 1971 522 2020 additum
562 1971 825 2021 uideamus
884 1971 1018 2036 quod
1067 1987 1162 2021 non
1205 1974 1489 2036 compareat
1525 1972 1573 2021 in
1615 1972 1785 2021 codice
1822 1972 1937 2022 Flo-

106 2056 298 2106 rentino
336 2055 393 2105 F
426 2059 476 2105 et
515 2056 733 2106 editione
766 2057 1005 2108 Rhenani.
1046 2060 1332 2122 comparent
1373 2057 1584 2120 denique
1623 2057 1672 2107 in
1711 2058 1938 2123 margine

106 2141 539 2205 Montepessulani
586 2142 670 2191 uel
715 2143 843 2192 inter
879 2142 1033 2192 uerba
1080 2143 1223 2210 signa
1269 2143 1510 2207 quaedam
1550 2147 1614 2203 (·.·
1664 2143 1772 2193 siue
1810 2140 1868 2209 ll)
1909 2158 1935 2192 3

105 2242 255 2276 11131111
291 2227 640 2277 recentissima
678 2227 749 2277 eis
786 2228 913 2277 10013
947 2228 1192 2293 apposita,
1233 2228 1318 2292 qui
1351 2230 1437 2277 aut
1468 2228 1723 2292 aliquanto
1757 2228 1936 2278 obscu-

104 2311 259 2362 riores
314 2315 430 2362 sunt
483 2314 571 2362 aut
618 2312 722 2363 sine
771 2312 921 2364 dubio
969 2314 1206 2379 corrupti.
1262 2329 1387 2377 quae
1427 2313 1663 2364 adnotare
1703 2315 1934 2366 consulto

104 2396 315 2462 neglexi.
333 2398 365 2458 ¹)
424 2398 658 2463 prouenit
709 2400 878 2448 autem
930 2398 1012 2448 hic
1066 2399 1232 2460 codex,
1286 2401 1345 2449 ut
1389 2414 1541 2462 supra
1587 2399 1822 2461 diximus,
1876 2414 1932 2450 ex

105 2483 343 2533 coenobio
382 2484 633 2534 Trecensi.

179 2567 378 2618 Codicis
418 2569 850 2634 Montepessulani
888 2570 1101 2620 maxime
1134 2570 1297 2620 affinis
1330 2573 1406 2621 est
1443 2571 1932 2622 Paterniacensis

105 2654 207 2702 439
232 2653 336 2720 (P),
361 2655 773 2710 membranaceus
806 2658 856 2705 et
885 2655 994 2720 ipse
1027 2671 1225 2720 quoque
1257 2657 1447 2706 saeculi
1470 2656 1557 2716 XI,
1587 2656 1673 2707 sed
1705 2656 1933 2707 exeuntis

103 2744 160 2789 ut
196 2739 415 2801 uidetur,
457 2739 543 2804 qui
579 2740 726 2790 hodie
766 2756 878 2790 cum
915 2741 1059 2791 libris
1096 2742 1242 2791 Beati
1273 2742 1500 2792 Rhenani
1535 2743 1585 2792 in
1624 2743 1933 2793 bibliotheca

105 2822 484 2876 Seletstadiensi
537 2829 841 2878 asseruatur.
889 2830 982 2889 est,
1036 2830 1094 2878 111
1138 2828 1632 2893 Montepessulanus,
1685 2829 1932 2894 oblongae

101 2908 288 2959 formae
326 2909 376 2958 in
430 2909 750 2961 altitudinem
794 2914 971 2976 patens
1012 2913 1308 2964 centimetra
1346 2913 1720 2978 duodetriginta
1757 2913 1929 2974 semis,

102 2993 151 3042 in
189 2994 508 3045 latitudinem
546 2996 746 3061 uiginti,
800 2999 1002 3047 centum
1042 2997 1372 3063 quadraginta
1410 3001 1624 3062 quatuor
1670 2998 1929 3049 continens

103 3079 290 3145 folia.2)
346 3083 509 3131 utrum
564 3082 624 3131 ab
676 3098 776 3132 una
829 3099 888 3132 an
942 3099 969 3133 a
1021 3084 1251 3148 pluribus
1298 3087 1527 3134 exaratus
1582 3085 1650 3135 sit
1694 3085 1927 3135 manibus

179 3259 208 3312 ¹)
240 3259 454 3303 Adnotaui
487 3264 631 3304 autem
662 3263 737 3305 ubi
766 3263 875 3305 haec
904 3277 1055 3306 manus
1087 3264 1203 3307 delet
1235 3279 1344 3319 quae
1374 3266 1418 3307 111
1447 3265 1508 3307 M
1539 3279 1615 3321 per
1645 3280 1829 3308 errorem
1858 3266 1928 3308 bis

106 3330 265 3384 scripta
296 3334 398 3372 sunt
430 3335 499 3385 (m.
535 3336 592 3386 3).

178 3398 210 3453 2)
239 3400 417 3443 Praeter
447 3415 519 3443 003
551 3416 657 3458 quos
688 3417 817 3459 supra
853 3405 1071 3448 nominaui
1109 3406 1242 3448 libros
1281 3407 1538 3450 Tertulliani
1574 3408 1851 3449 inueniuntur
1879 3407 1924 3449 in
