2248 3646
79 1210 118 1239 10

81 1634 117 1664 15

82 2060 124 2090 20

81 2484 122 2513 25

496 274 588 314 VH.
619 275 877 315 Aduersus
907 274 1219 316 Marcionem
1251 275 1322 315 lib.
1353 274 1452 318 1111.
1488 277 1606 316 1--3,
1844 279 1941 327 427

151 430 304 479 menti
349 429 588 479 destituta
632 430 901 493 patrocinio
950 432 1333 479 antecessorum.
1396 429 1673 493 exigeretur
1720 430 1845 478 enim
1893 429 1943 478 id

154 530 347 577 quoque
386 514 717 579 euangelium
758 515 888 578 quod
920 515 1106 563 Paulus
1137 514 1342 574 inuenit,
1384 514 1463 563 eui
1494 515 1640 562 fidem
1674 514 1823 573 dedit,
1865 515 1944 563 cui

150 615 259 648 mox
292 615 437 649 suum
462 614 726 664 congruere
759 599 946 666 gestiit,
982 599 1224 662 siquidem
1257 600 1514 662 propterea
1543 599 1941 662 Hierosolymam

151 683 373 733 ascendit
417 683 476 732 ad
523 684 889 747 cognoscendos
930 684 1182 746 apostolos
1224 686 1271 732 et
1310 684 1678 743 consultandos,
1723 699 1782 732 ne
1819 683 1944 732 forte

150 769 197 817 in
244 784 458 818 uacuum
506 769 821 827 cucurrisset,
868 769 917 817 id
963 773 1039 818 est
1085 784 1142 817 ne
1191 784 1282 817 non
1330 768 1602 818 secundum
1639 768 1754 817 illos
1794 768 1944 817 credi-

150 854 307 902 disset
351 857 400 902 et
444 869 536 902 non
586 854 857 903 secundum
897 854 1010 903 illos
1052 854 1426 917 euangelizaret.
1477 854 1685 915 denique
1731 856 1788 901 ut
1833 869 1944 901 eum

149 939 434 987 auctoribus
475 940 686 988 eontulit
731 942 779 987 et
817 939 1049 987 conuenit
1095 938 1152 987 de
1197 939 1367 1003 regula
1412 938 1541 997 fidei,
1590 937 1810 986 dexteras
1856 938 1943 985 mi-

150 1026 384 1072 scuerunt
429 1026 476 1071 et
522 1023 691 1072 exinde
739 1023 902 1072 oflieia
946 1022 1261 1085 praedicandi
1307 1022 1651 1073 distinxerunt(
1692 1029 1748 1070 ut
1784 1021 1858 1070 illi
1895 1022 1943 1069 in

146 1108 372 1165 ludaeos
411 1108 597 1157 Paulus
636 1109 683 1156 in
722 1109 931 1157 ludaeos
971 1119 1019 1157 et
1056 1109 1103 1156 in
1145 1108 1385 1156 nationes.
1425 1108 1580 1172 igitur
1611 1107 1653 1156 si
1683 1107 1789 1170 ipse
1821 1107 1943 1154 inlu—

150 1194 364 1242 minator
398 1194 560 1242 Lucae
607 1194 953 1242 auctoritatem
1004 1200 1373 1242 antecessorum
1420 1195 1469 1241 et
1510 1191 1623 1240 fidei
1670 1195 1719 1241 et
1756 1192 1944 1254 praedi-

148 1279 328 1328 cationi
374 1293 491 1327 suae
538 1279 743 1341 optauit,
790 1280 971 1341 quanto
1018 1278 1178 1343 magis
1225 1293 1331 1326 eam
1371 1277 1628 1341 euangelio
1666 1276 1829 1326 Lucae
1869 1292 1944 1325 ex-

146 1363 411 1427 postulem,
453 1378 575 1426 quae
615 1363 870 1427 euangelio
912 1363 1140 1427 magistri
1181 1363 1285 1411 eius
1324 1362 1421 1411 fuit
1457 1362 1768 1411 necessaria?

217 1448 262 1497 3.
300 1448 451 1498 Aliud
483 1451 573 1507 est,
608 1448 648 1496 si
679 1463 828 1510 penes
862 1449 1161 1497 Marcionem
1196 1463 1220 1496 a
1253 1447 1558 1510 discipulatu
1588 1446 1748 1495 Lucae
1782 1445 1945 1509 coepit

151 1532 400 1597 religionis
441 1532 747 1582 Christianae
787 1536 1168 1581 sacramentnm.
1209 1536 1423 1581 ceterum
1467 1532 1509 1581 si
1547 1542 1596 1581 et
1631 1534 1760 1580 retro
1800 1531 1943 1580 decu—

149 1617 316 1673 currit„
367 1617 543 1666 habuit
594 1618 765 1680 utique
819 1619 1153 1666 authenticam
1208 1621 1505 1681 paraturam,
1561 1632 1646 1680 per
1692 1631 1836 1680 quam
1885 1616 1944 1663 ad

148 1702 330 1751 Lucam
390 1718 548 1765 usque
610 1704 851 1766 peruenit,
914 1704 1053 1751 cuius
1114 1703 1400 1761 testimonio
1462 1701 1731 1751 adsistente
1782 1701 1942 1750 Lucas

150 1802 346 1850 quoque
398 1788 560 1851 possit
613 1789 822 1837 admitti.
878 1790 960 1837 sed
1016 1789 1145 1838 enim
1189 1787 1407 1837 Marcion
1453 1793 1627 1837 nactus
1682 1786 1945 1849 epistolam

150 1871 294 1920 Pauli
339 1871 399 1920 ad
447 1871 665 1931 GalataS‚
714 1872 863 1922 etiam
907 1874 1043 1936 ipsos
1090 1872 1340 1937 apostolos
1387 1870 1706 1936 suggillantis
1751 1872 1808 1919 ut
1850 1885 1942 1919 non

151 1961 286 2006 recto
331 1957 456 2020 pede
493 1957 778 2006 incedentes
818 1958 876 2006 ad
915 1958 1175 2010 ueritatem
1223 1956 1484 2021 euangelii,
1531 1955 1682 2004 simul
1719 1958 1769 2004 et
1805 1969 1944 2004 accu-

154 2042 307 2090 santis
379 2042 825 2106 pseudoapostolos
900 2042 1139 2105 quosdam
1212 2045 1549 2105 peruertentes
1631 2040 1945 2105 euangelium

154 2125 352 2188 Christi,
386 2126 620 2176 conititur
651 2127 711 2176 ad
744 2126 1096 2177 destruendum
1128 2129 1314 2175 statum
1349 2141 1515 2175 eorum
1556 2125 1944 2190 euangeliorum,

155 2227 277 2274 quae
323 2213 518 2276 propria
563 2215 612 2261 et
657 2213 747 2262 sub
795 2213 1133 2276 apostolorum
1179 2211 1372 2261 nomine
1419 2211 1631 2260 eduntur
1675 2210 1757 2259 uel
1796 2209 1944 2258 etiam

154 2298 555 2359 apostolicorum,
601 2300 659 2346 ut
696 2298 885 2346 scilicet
922 2295 1086 2358 fidem,
1135 2313 1281 2360 quarn
1319 2296 1421 2345 illis
1463 2296 1651 2355 adimit,
1699 2310 1787 2344 suo
1836 2308 1947 2343 con-

152 2384 291 2431 ferat.
338 2398 478 2445 porro
526 2383 619 2432 etsi
664 2383 989 2446 reprehensus
1030 2385 1108 2433 est
1144 2382 1321 2431 Petrus
1362 2383 1411 2430 et
1448 2381 1687 2433 Iohannes
1729 2383 1777 2428 et
1813 2379 1947 2428 Iaco-

151 2468 260 2527 bus,
301 2467 383 2530 qui
423 2468 830 2517 existimabantur
868 2468 1139 2527 columnae,
1170 2467 1434 2516 manifesta
1471 2481 1620 2515 causa
1651 2467 1748 2514 est:
1783 2480 1947 2527 perso-

153 2567 323 2600 narum
365 2553 491 2600 enim
530 2556 757 2616 respectu
796 2553 1090 2602 uidebantur
1130 2551 1317 2601 uariare
1358 2551 1656 2601 conuictum.
1698 2552 1746 2598 et
1781 2554 1944 2598 tamen

155 2652 266 2685 cum
305 2638 409 2700 ipse
448 2637 632 2687 Paulus
673 2638 901 2687 omnibus
942 2637 1100 2686 omnia
1142 2637 1294 2698 lieret,
1340 2639 1397 2684 ut
1441 2649 1610 2684 omnes
1655 2634 1944 2692 lucraretur,

154 2722 318 2785 potuit
370 2726 418 2771 et
461 2722 607 2771 Petro
660 2723 752 2772 hoc
806 2724 852 2771 iu
904 2723 1109 2772 consilio
1157 2721 1312 2771 fuisse
1360 2719 1545 2783 aliquid
1592 2719 1735 2768 aliter
1773 2718 1947 2784 agendi

293 2848 332 2900 4]
366 2848 415 2887 cf.
449 2830 540 2891 Gai.
574 2849 610 2896 2,
644 2851 680 2891 2
768 2850 810 2902 s]
846 2848 894 2890 ef.
929 2848 1022 2890 Gai.
1054 2849 1093 2902 2,
1126 2849 1163 2889 9.
1253 2847 1321 2900 18]
1357 2846 1406 2889 cf.
1440 2845 1531 2887 Gai.
1563 2846 1600 2897 2,
1637 2845 1700 2886 14.
1791 2844 1866 2897 19}
1891 2844 1942 2885 cf.

156 2916 244 2957 Gal.
269 2918 308 2969 2,
332 2920 370 2958 4.
451 2919 518 2971 ‘25¹3
552 2920 602 2961 ef.
637 2918 727 2960 Gal.
760 2920 798 2971 2,
832 2920 868 2959 9.
958 2919 1028 2973 ⁴27]
1054 2918 1104 2960 cf.
1136 2918 1157 2959 Ι
1190 2917 1282 2959 Cor.
1316 2919 1355 2969 9,
1390 2917 1458 2957 19,

210 3016 235 3056 2
281 3016 398 3058 dedit
433 3018 499 3069 M,
546 3017 710 3058 dedidit
746 3018 933 3071 Ruzolyo
1037 3019 1058 3058 7
1109 3022 1151 3057 et
1194 3019 1232 3067 (e
1276 3017 1325 3057 in
1363 3015 1447 3066 lit.)
1484 3015 1541 3062 M
1651 3013 1842 3054 dexteras
1881 3013 1945 3064 M,

155 3086 319 3128 dextras
343 3088 384 3129 R
497 3089 757 3130 miscuerunt
784 3090 850 3136 M,
880 3090 1084 3130 miscuere
1107 3087 1294 3141 Ruulyo
1381 3086 1405 3127 8
1439 3085 1577 3126 officia
1598 3084 1654 3137 R,
1686 3084 1824 3125 officio
1850 3083 1949 3123 MF

155 3166 178 3205 9
211 3165 245 3205 si
273 3165 363 3219 ipse
393 3166 448 3215 R,
480 3148 557 3220 sup
591 3176 633 3207 se
657 3167 714 3207 M
799 3167 849 3208 10
881 3168 977 3207 ante
1010 3179 1218 3207 cessorurn
1241 3164 1297 3205 M
1407 3162 1506 3203 fidei
1537 3162 1644 3215 (syll.
1681 3162 1731 3203 de
1761 3162 1810 3202 in
1840 3164 1944 3216 ras.)

155 3235 211 3276 M
269 3237 316 3278 17
342 3236 645 3291 epistolam'ZlL
664 3238 888 3291 epistulam
906 3238 948 3280 R
1009 3238 1059 3277 18
1085 3237 1278 3289 galathas
1296 3235 1353 3276 M
1374 3238 1475 3287 (pro
1499 3233 1629 3282 more)
1688 3233 1740 3273 20
1766 3232 1948 3286 pseudo-

157 3306 371 3359 apostolos
400 3307 509 3360 MF,
540 3307 891 3363 pseudapostolos
922 3309 1109 3362 Ruulglo
1210 3307 1262 3347 23
1295 3306 1454 3346 ademit
1485 3304 1584 3357 ans}
1670 3304 1722 3344 26
1752 3306 1948 3357 respectu

156 3378 632 3429 <ueaeaam.1)M
