2340 3658
274 195 375 245 606
646 190 833 243 Quinti
868 191 1094 246 Septimi
1124 190 1401 233 Florentis
1434 186 1773 234 Tertulliani*

272 353 555 403 uenient?
605 352 814 402 defensa
854 351 1042 402 etenim
1082 353 1471 414 resurrectione,
1514 368 1643 417 quae
1682 353 1980 420 negabatur,
2021 369 2134 405 con—

271 456 492 506 sequens
542 443 649 490 erat
689 439 749 490 de
791 440 1040 504 qualitate
1081 441 1307 505 corporis
1347 442 1638 503 retractare,
1689 457 1817 506 quae
1857 456 1954 492 non
1994 441 2134 492 uide-

267 527 434 578 batur.
477 527 566 577 sed
607 526 666 577 de
706 527 809 578 ista
849 542 965 577 cum
1006 527 1120 578 aliis
1163 527 1401 595 congredi
1444 528 1700 580 conuenit.
1740 528 1968 580 Marcion
2002 529 2134 580 enim

267 615 317 666 in
357 618 525 666 totum
567 615 732 666 carnis
772 616 1199 666 resurrectionem
1239 632 1337 666 non
1379 616 1658 667 admittens
1702 621 1752 668 et
1791 617 1888 668 soli
1935 617 2131 668 animae

269 704 491 755 salutem
553 703 932 769 repromittenS,
995 719 1094 755 non
1151 704 1432 769 qualitatis,
1497 704 1587 755 sed
1641 705 1958 756 substantiae
2012 706 2135 756 facit

269 792 640 858 quaestionem.
688 807 838 856 porro
887 794 940 842 et
986 807 1042 842 ex
1082 791 1162 842 his
1204 792 1624 844 manifestissime
1667 792 1955 853 obducitur,
2004 809 2132 860 quae

269 880 534 946 apostolus
592 879 654 929 ad
710 880 1014 944 qualitatem
1071 879 1300 945 corporis
1354 882 1544 931 tractat
1596 884 1804 946 propter
1854 881 1990 943 illos,
2047 882 2132 947 qui

270 968 470 1018 dicunt:
507 967 808 1033 quomodo
842 969 1168 1033 resurgent
1201 969 1460 1019 mortui?
1502 983 1615 1033 quo
1650 970 1850 1019 autem
1885 984 2133 1034 corpore

268 1056 550 1106 uenient?
604 1056 707 1105 iam
763 1055 897 1106 enim
952 1055 1271 1121 praedicauit
1316 1058 1725 1107 resurrecturum
1774 1072 1885 1108 esse
1933 1072 2134 1123 corpus,

268 1143 312 1194 si
346 1143 405 1193 de
439 1143 665 1209 corporis
701 1143 951 1208 qualitate
981 1143 1245 1194 tractauit.
1288 1143 1506 1210 denique
1548 1144 1592 1194 si
1630 1144 1869 1210 proponit
1907 1146 2135 1212 exempla

268 1232 410 1298 grani
464 1232 625 1283 tritici
679 1232 764 1282 uel
821 1232 1040 1283 alicuius
1090 1232 1363 1295 eiusmodi,
1421 1233 1609 1298 quibus
1657 1232 1743 1284 det
1783 1249 1967 1299 corpus
2009 1233 2134 1285 deus

266 1323 420 1386 prout
458 1320 618 1383 uolet,
661 1320 704 1370 si
744 1320 1025 1386 unicuique
1067 1321 1323 1371 seminum
1364 1321 1626 1387 proprium
1668 1321 1740 1372 ait
1779 1337 1962 1387 corpus
2003 1337 2132 1385 esse,

266 1409 326 1457 ut
372 1407 525 1457 aliam
574 1406 780 1473 quidem
831 1423 1033 1458 carnem
1083 1407 1366 1468 hominum,
1424 1408 1577 1459 aliam
1622 1424 1744 1460 uero
1784 1409 2044 1475 pecudum
2084 1400 2135 1460 et

266 1496 553 1558 uolucrum,
595 1498 646 1546 et
686 1511 897 1561 corpora
931 1496 1174 1547 caelestia
1208 1499 1361 1562 atque
1394 1500 1608 1558 terrena,
1652 1499 1701 1548 et
1734 1497 1885 1548 aliam
1919 1496 2133 1564 gloriam

267 1583 391 1634 solis
440 1586 490 1634 et
534 1584 684 1634 lunae
734 1584 887 1634 aliam
936 1587 986 1635 et
1034 1584 1302 1635 stellarum
1350 1585 1522 1652 aliam,
1563 1616 1630 1621 ——
1671 1601 1834 1636 nonne
1882 1586 2132 1636 carnalem

267 1675 318 1723 et
357 1672 672 1737 corporalem
712 1672 974 1738 portendit
1011 1673 1455 1735 resurrectionem,
1505 1689 1659 1739 quam
1696 1690 1786 1740 per
1825 1672 2046 1725 carnalia
2084 1676 2134 1724 et

265 1759 548 1826 corporalia
595 1762 826 1828 exempla
873 1761 1230 1812 commendat?
1278 1777 1441 1813 nonne
1491 1762 1646 1813 etiarn
1686 1762 1747 1812 ab
1789 1777 1846 1814 eo
1890 1761 1982 1814 deo
2023 1777 2133 1813 eam

266 1848 501 1913 spondet,
546 1864 571 1898 a
615 1864 713 1914 quo
750 1851 872 1900 sunt
905 1851 955 1901 et
987 1850 1250 1916 exempla?
1295 1850 1381 1900 sic
1423 1852 1480 1900 et
1517 1850 1910 1913 resurrectio,
1949 1849 2132 1915 inquit.

267 1939 560 2002 quomodo?
619 1939 757 1989 sicut
812 1940 862 1988 et
918 1953 1128 2004 granum
1180 1953 1364 2003 corpus
1416 1937 1604 1989 seritur
1665 1953 1849 2005 corpus
1898 1938 2134 2005 resurgit.

267 2026 659 2078 seminationem
689 2026 907 2092 denique
932 2026 1144 2077 uocauit
1171 2025 1566 2078 dissolutionem
1592 2026 1817 2092 corporis
1847 2026 1898 2076 in
1930 2028 2132 2089 terram,

270 2114 391 2180 quia
442 2115 675 2166 seritur
721 2114 778 2164 in
829 2115 1181 2180 corruptela
1221 2130 1337 2166 seme
1377 2114 1435 2164 in
1474 2115 1875 2176 honestatem,
1923 2114 1979 2165 in
2022 2114 2131 2166 uir-

265 2203 476 2253 tutem.
526 2202 674 2253 cuius
724 2202 812 2254 ille
854 2202 973 2253 ordo
1016 2202 1066 2251 in
1109 2202 1465 2264 dissolutione,
1514 2201 1625 2253 eius
1667 2204 1718 2253 et
1755 2201 1840 2252 hic
1878 2201 1929 2252 in
1968 2217 2133 2252 resur-

263 2291 506 2351 rectione,
542 2290 769 2357 corporis
796 2291 1011 2343 scilieet.
1047 2289 1205 2360 [sicut
1237 2293 1287 2341 et
1319 2287 1568 2361 granum]
1605 2293 1829 2342 ceterum
1857 2291 1901 2341 si
1932 2290 2131 2341 auferas

267 2393 452 2445 corpus
505 2378 870 2429 resurrectioni
926 2378 1063 2445 quod
1110 2378 1299 2429 dedisti
1346 2377 1693 2441 dissolutioni,
1748 2377 1838 2428 ubi
1886 2378 2133 2430 consistet

267 2465 542 2516 diuersitas
577 2465 779 2516 exitus?
814 2465 1025 2532 proinde
1060 2468 1110 2516 et
1142 2466 1194 2516 si
1229 2466 1458 2517 seritur
1489 2465 1763 2533 <corpus>
1803 2464 2129 2533 anima<le,>

411 2622 455 2678 s]
483 2622 504 2665 1
530 2623 625 2667 cor.
657 2624 722 2672 15,
749 2624 815 2665 55.
883 2623 1068 2679 10-15]
1097 2621 1150 2665 cf.
1176 2622 1198 2665 1
1225 2622 1319 2666 cor.
1356 2624 1422 2677 15,
1456 2623 1642 2665 37—41.
1708 2622 1822 2678 16]1
1845 2623 1940 2668 cor.
1971 2624 2035 2671 15,
2059 2624 2129 2666 42.

265 2696 339 2751 21]
370 2696 391 2738 1
424 2695 520 2739 cor.
556 2696 622 2750 15,
654 2696 841 2739 42—43.
932 2696 1006 2752 25]
1041 2696 1063 2738 1
1096 2695 1192 2739 Cor.
1228 2698 1296 2750 15,
1327 2697 1398 2739 44.

326 2801 350 2842 5
385 2799 613 2854 qualitatis
645 2799 701 2850 R,
737 2800 943 2855 qualitati
973 2798 1077 2841 MF
1175 2801 1200 2844 6
1232 2800 1299 2842 his
1330 2801 1381 2842 in
1413 2800 1479 2844 lit.
1513 2800 1574 2842 M
1660 2800 1712 2843 10
1745 2800 1781 2842 si
1815 2800 1986 2854 (priore
2017 2801 2127 2853 loco)

272 2871 505 2917 Oehlerus:
536 2872 582 2914 id
613 2873 726 2924 MR,
759 2873 859 2915 ideo
899 2873 1167 2917 Ciacconius
1197 2873 1301 2930 Eny
1417 2876 1583 2916 tractat
1611 2887 1731 2928 susp.
1763 2874 1866 2929 Eny
1976 2873 2024 2916 11
2058 2873 2132 2916 1161

267 2969 425 3023 quibus
464 2968 672 3012 Oehlerus
705 2969 938 3022 (mendose,
968 2974 1020 3012 ut
1049 2969 1245 3021 uidetur)
1340 2969 1553 3012 eiusmodi
1575 2969 1637 3011 M
1653 2970 1703 3011 in
1728 2970 1791 3012 lit.
1855 2969 1907 3011 12
1939 2934 2134 3025 promM

265 3043 316 3084 in
338 3056 419 3098 my.
512 3056 666 3097 corpus
694 3056 787 3085 esse
811 3043 880 3095 M,
914 3056 1006 3085 esse
1039 3056 1194 3099 corpus
1217 3043 1412 3098 Ruulqo
1478 3044 1528 3086 13
1559 3043 1624 3098 ut]
1660 3045 1704 3085 et
1725 3043 1843 3084 Pam
1906 3043 1956 3086 15
1988 3055 2129 3084 nonne

266 3115 400 3167 MR3‚
433 3131 518 3159 non
549 3115 614 3160 R1
721 3118 774 3160 16
805 3116 1033 3173 portendit
1061 3117 1117 3172 R,
1148 3117 1376 3172 protendit
1403 3116 1510 3159 MF
1600 3116 1652 3158 21
1689 3116 1900 3158 lacunam
1927 3114 2129 3170 siqnaui:

265 3190 341 3244 <in
375 3190 722 3241 dedecoratione,
754 3191 799 3233 in
830 3190 1100 3241 infirmitate,
1133 3190 1324 3245 resurgit
1356 3192 1502 3232 autem
1525 3190 1570 3231 in
1593 3189 1968 3244 incorruptelam>
1994 3188 2128 3230 inter-

269 3262 472 3305 ciderunt
532 3263 585 3306 23
607 3264 722 3307 sieut
747 3266 792 3306 et
814 3277 997 3319 granum
1015 3263 1196 3306 seclusi:
1216 3264 1490 3317 irrepserunt
1510 3262 1617 3305 haec
1638 3262 1778 3304 uerba
1803 3275 1855 3304 eoe
1879 3262 1904 3304 Z.
1922 3262 1989 3312 19,
2014 3261 2128 3303 sicut

271 3338 316 3378 et
354 3336 492 3391 grani
529 3338 706 3381 mauult
742 3338 845 3393 Eny
993 3337 1046 3380 25
1083 3338 1305 3392 <corpus>
1341 3336 1591 3391 anima<le>
1617 3335 1796 3390 scripsi:
1835 3335 1979 3377 anima
2014 3333 2125 3388 MR,

270 3411 459 3452 animale
488 3410 570 3453 G-el

1668 3458 1695 3470 φ

2185 721 2209 753 5

2166 1164 2211 1196 10

2165 1603 2208 1636 15

2163 2044 2208 2076 20

2162 2483 2206 2514 25
