2248 3646
78 1202 115 1230 10

77 1625 115 1655 15

79 2051 120 2080 20

81 2477 121 2508 25

556 258 633 302 111.
665 259 925 301 Aduersus
958 258 1331 312 Hermogenem
1365 257 1543 300 29—31.
1857 260 1953 308 159

143 416 412 475 inducitur,
462 416 519 465 de
573 417 649 465 tot
699 414 968 465 formarum
1025 413 1284 464 uocabulis
1338 412 1566 462 informis
1622 413 1955 463 adseueretur.

144 518 236 552 non
286 501 437 559 edite,
487 499 606 563 quid
652 498 718 548 sit
763 498 890 547 illud
937 513 1112 562 corpus
1161 497 1483 555 confusionis,
1534 495 1704 565 [quod]
1752 498 1951 547 unicum

145 587 317 649 utique
356 583 654 634 credendum
696 585 787 638 est,
829 582 870 631 si
908 582 1117 631 informe
1158 585 1249 631 est.
1289 582 1537 632 uniforme
1576 582 1775 639 etenim,
1824 582 1954 645 quod

143 672 366 721 informe.
417 674 466 718 et
503 669 713 718 informe
764 670 944 729 autem,
991 667 1122 731 quod
1169 682 1224 716 ex
1262 667 1503 717 uarietate
1553 667 1816 717 confusum
1863 670 1954 725 est,

145 771 290 805 unam
330 755 510 804 habeat
547 768 750 803 necesse
791 756 869 803 est
907 753 1137 817 speciem,
1186 753 1317 816 quod
1357 768 1450 801 non
1489 752 1654 812 habet,
1696 749 1950 819 [speciem]

145 841 260 890 dum
283 839 457 904 <nihil>
483 855 538 888 ex
563 838 735 888 multis
761 854 910 888 unam
935 838 1086 887 habet
1119 837 1352 901 speciem.
1383 839 1601 885 ceterum
1629 840 1715 886 aut
1738 837 1955 887 habebat

143 927 190 975 in
229 941 280 975 se
320 924 514 988 species
552 923 676 973 istas
719 923 941 983 materia,
983 923 1041 972 de
1075 938 1280 986 quarum
1324 922 1585 971 uocabulis
1624 922 1957 988 intellegenda

145 1013 292 1069 esset,
326 1009 559 1058 tenebras
593 1009 702 1058 dico
736 1010 785 1058 et
817 1008 1051 1072 abyssum
1086 1010 1134 1056 et
1167 1007 1400 1071 spiritum
1440 1010 1489 1056 et
1529 1023 1698 1071 aquas,
1739 1010 1826 1057 aut
1864 1023 1955 1057 non

146 1094 381 1144 habebat:
423 1094 465 1143 si
521 1093 688 1154 [enim]
743 1092 974 1153 habebat,
1022 1092 1270 1156 quomodo
1318 1091 1572 1142 inducitur
1616 1107 1711 1142 non
1771 1092 1956 1142 habens

145 1180 362 1230 formas?
403 1178 446 1228 si
486 1194 581 1227 non
621 1178 851 1238 habebat,
892 1177 1071 1242 (unde)
1110 1177 1433 1241 agnoscitur?

215 1265 296 1316 31.
352 1264 449 1314 Sed
504 1266 553 1312 et
606 1263 732 1312 illud
785 1263 959 1327 utique
1007 1262 1307 1327 captabitur,
1362 1262 1420 1312 de
1468 1264 1603 1312 caelo
1651 1264 1758 1312 solo
1806 1265 1855 1311 et
1900 1263 1957 1312 de

146 1353 273 1399 terra
309 1350 406 1399 ista
456 1349 751 1413 scripturam
802 1348 1128 1414 significasse,
1178 1348 1310 1411 quod
1350 1362 1406 1397 ea
1450 1348 1499 1397 in
1545 1348 1789 1412 principio
1838 1348 1957 1398 deus

144 1435 330 1495 fecerit,
386 1434 444 1483 de
500 1434 764 1498 speciebus
812 1436 977 1482 autem
1026 1448 1175 1497 supra
1222 1432 1370 1481 dictis
1417 1432 1541 1481 nihil
1593 1431 1708 1492 tale,
1756 1435 1806 1482 et
1847 1433 1956 1482 ideo

144 1535 242 1581 eas,
283 1535 406 1584 quae
431 1520 597 1568 factae
630 1534 723 1568 non
757 1518 1114 1584 significentur,
1157 1518 1216 1566 ad
1248 1518 1484 1567 infectam
1516 1518 1778 1567 materiam
1811 1518 1958 1582 perti-

147 1622 276 1655 nere.
322 1605 738 1670 respondebimus
785 1605 902 1654 huic
950 1616 1145 1668 quoque
1194 1604 1444 1667 scrupulo.
1501 1604 1746 1668 scriptura
1792 1604 1959 1653 diuina

148 1691 270 1740 satis
301 1690 582 1750 dissereret,
623 1690 664 1739 si
704 1705 924 1740 summas
962 1690 1098 1754 ipsas
1139 1705 1302 1738 rerum
1337 1706 1363 1738 a
1397 1689 1487 1739 deo
1520 1690 1678 1739 factas
1713 1702 1958 1739 commen-

149 1776 333 1838 dasset,
381 1776 575 1825 caelum
632 1778 679 1825 et
731 1778 927 1834 terram,
982 1775 1221 1825 habentes
1284 1776 1457 1839 utique
1513 1778 1787 1840 suggestus
1841 1790 1959 1824 suos

148 1859 389 1925 proprios,
447 1861 531 1925 qui
585 1861 632 1910 in
686 1861 809 1924 ipsis
868 1861 1078 1910 summis
1132 1861 1359 1925 intellegi
1411 1862 1633 1924 possent.
1687 1862 1958 1925 suggestus

149 1949 314 1995 autem
355 1946 479 1995 caeli
521 1949 569 1995 et
600 1948 755 1995 terrae
795 1945 951 2010 primo
983 1930 1110 1994 tunc
1133 1944 1332 1994 fuerunt
1370 1944 1600 1993 tenebrae
1641 1946 1689 1993 et
1728 1944 1958 2008 abyssuS,

152 2033 238 2091 [et']
278 2030 485 2095 spiritus
534 2035 582 2080 et
628 2046 801 2095 aquae,
849 2047 961 2080 nam
1008 2032 1167 2080 terrae
1215 2030 1415 2095 quidem
1464 2030 1699 2079 suberant
1746 2029 1957 2094 abyssus

151 2118 199 2164 et
240 2117 486 2166 tenebrae,
533 2116 575 2165 si
628 2117 758 2165 enim
812 2116 1024 2180 abyssus
1078 2115 1202 2164 infra
1254 2117 1451 2175 terram,
1506 2115 1737 2164 tenebrae
1791 2117 1958 2163 autem

150 2216 298 2267 super
329 2202 583 2266 abyssum,
617 2203 721 2251 sine
755 2202 904 2252 dubio
939 2207 988 2252 et
1018 2202 1248 2251 tenebrae
1282 2204 1332 2250 et
1363 2201 1573 2265 abyssus
1605 2201 1731 2249 infra
1762 2205 1959 2250 terram.

150 2287 285 2336 caelo
325 2302 443 2336 uero
486 2287 690 2351 spiritus
732 2289 781 2336 et
819 2303 974 2351 aquae
1007 2287 1343 2336 subiacebant.
1383 2302 1494 2334 nam
1537 2285 1578 2334 si
1618 2299 1772 2348 aquae
1813 2300 1962 2349 super

148 2373 348 2433 terram,
382 2387 508 2436 quae
542 2387 650 2421 eam
679 2374 914 2433 texerant,
954 2372 1160 2435 spiritus
1195 2374 1358 2421 autem
1395 2386 1544 2433 super
1575 2385 1745 2434 aquas,
1777 2371 1962 2433 pariter

151 2459 199 2505 et
237 2457 443 2521 spiritus
493 2460 542 2507 et
589 2473 743 2521 aquae
791 2473 939 2522 super
983 2460 1181 2506 terram.
1232 2472 1355 2520 quae
1401 2471 1517 2505 uero
1567 2471 1715 2520 super
1760 2458 1957 2514 terram,

208 2721 224 2761 1
261 2720 548 2773 adseueretur,
580 2735 662 2761 non
696 2722 821 2774 uidyo
911 2722 934 2760 2
968 2720 1079 2774 quod
1110 2720 1264 2761 seclusi
1351 2720 1376 2759 4
1408 2719 1599 2761 informe.
1633 2723 1673 2760 et
1698 2719 1872 2772 scripsi:
1897 2719 1957 2759 in-

148 2790 280 2832 forme
312 2794 377 2833 est
407 2791 542 2833 PNF
652 2791 871 2833 confusum
911 2795 988 2833 est.
1020 2805 1147 2832 unam
1183 2804 1269 2832 van
1308 2790 1383 2831 der
1420 2790 1534 2831 Vliet
1573 2790 1715 2843 (cuius
1752 2790 1959 2843 interpre-

150 2862 357 2904 tationem
397 2864 527 2914 (stud.
565 2864 661 2904 eccl.
691 2877 739 2916 p.
779 2864 857 2915 80)
889 2864 1079 2916 probare
1116 2875 1205 2903 non
1236 2865 1431 2915 possum)
1520 2863 1544 2902 5
1584 2862 1767 2915 speciem
1807 2861 1961 2902 seclusi

151 2932 175 2973 6
204 2932 314 2974 nibil
344 2932 500 2973 addidi
584 2933 716 2974 habet
745 2933 846 2983 PN,
876 2933 1032 2974 habeat
1061 2933 1106 2974 F
1130 2934 1252 2986 (fort.
1283 2937 1403 2985 recte,
1438 2932 1491 2983 cf.
1517 2934 1620 2984 142,
1644 2934 1715 2983 16)
1778 2932 1799 2972 7
1832 2931 1960 2972 intel-

150 3002 333 3057 legenda
362 3006 476 3045 esset
510 3003 613 3045 Urs:
643 3003 955 3057 intellegendas
988 3016 1078 3045 esse
1109 3003 1209 3056 PN,
1241 3003 1546 3057 intelligendae
1578 3016 1621 3043 se
1656 3002 1703 3043 F
1792 3003 1816 3043 9
1850 3001 1959 3043 enim

150 3074 323 3115 seclusi:
354 3077 496 3116 autem
518 3076 608 3116 Iwn
731 3074 892 3116 iucitur
919 3075 1081 3116 habens
1106 3074 1282 3115 formam
1307 3073 1354 3114 F
1439 3074 1489 3115 10
1513 3073 1624 3114 unde
1649 3073 1751 3116 add.
1776 3087 1865 3114 van
1888 3073 1961 3114 der

159 3143 292 3186 Vliet:
308 3145 582 3200 (quomodo)
604 3145 685 3188 Urs
745 3147 794 3188 12
821 3145 934 3200 quod
958 3159 1006 3187 ea
1029 3146 1072 3186 in
1096 3146 1273 3199 scripsi:
1298 3145 1409 3199 quod
1435 3158 1527 3186 eam
1549 3145 1594 3185 in
1617 3144 1719 3196 PN,
1744 3158 1824 3198 quo
1851 3158 1899 3185 ea
1918 3144 1966 3185 F

154 3215 203 3257 16
228 3215 453 3258 dissereret
469 3218 504 3258 si
527 3231 711 3258 summas
727 3216 894 3265 NGR³‚
920 3216 1148 3258 dissereret
1172 3230 1355 3257 summas
1373 3215 1487 3267 PR1,
1512 3216 1693 3257 dissensi
1718 3215 1967 3263 summasF

155 3287 204 3327 19
233 3287 406 3330 fuerunt
434 3287 536 3341 NF,
566 3288 726 3329 fuerint
754 3288 797 3329 P
823 3288 954 3341 uuzqo
1042 3288 1095 3329 20
1134 3290 1177 3328 et
1212 3287 1389 3329 seclusi:
1426 3288 1498 3340 (cf.
1537 3289 1640 3334 160,
1673 3289 1743 3336 21)
1861 3286 1958 3326 sub-

152 3360 275 3399 erant
299 3359 475 3412 scripsi:
506 3359 678 3400 suberat
708 3359 806 3411 PN,
838 3361 1011 3413 superat
1041 3358 1088 3399 F
1169 3359 1223 3400 24
1255 3371 1360 3412 quae
1391 3357 1466 3409 12³,
1499 3357 1624 3411 quale
1655 3355 1848 3398 PNFR²
