2248 3646
80 1252 121 1282 10

81 1677 119 1707 15

71 2102 119 2133 ι20

79 2528 118 2558 25

541 308 596 350 Π.
629 309 700 350 De
734 308 916 351 Carnis
946 310 1362 350 Resurrectione
1394 310 1574 351 39-40,
1900 311 1964 360 83

150 464 199 514 id
240 466 318 513 est
358 464 588 524 animam,
630 467 679 514 et
711 465 1019 525 exteriorem,
1059 465 1112 514 id
1151 468 1228 514 est
1267 480 1478 524 carnem,
1519 466 1733 514 salutem
1767 465 1966 528 quidem

151 550 356 607 animae,
411 548 461 597 id
516 551 592 598 est
642 549 866 598 interiori
918 549 1122 609 homini,
1179 550 1386 599 exitium
1432 565 1550 600 uero
1599 550 1747 607 carni,
1795 549 1845 598 id
1895 555 1973 599 est

152 634 378 683 exteriori
426 633 855 696 adiudicauerunt,
912 635 1027 698 quia
1081 635 1322 699 scriptum
1371 635 1438 684 sit
1492 635 1786 685 Corinthiis:
1841 651 1968 684 nam

152 719 266 768 etsi
314 719 481 768 homo
528 722 731 769 noster
779 721 1038 769 exterior
1086 722 1505 783 corrumpitur,
1562 721 1662 770 sed
1713 721 1968 771 interior

151 807 476 852 renouatur
528 802 619 854 die
673 806 729 853 et
782 804 889 854 die.
944 821 1087 868 porro
1142 820 1231 854 nec
1285 806 1446 854 anima
1498 821 1584 869 per
1645 806 1969 869 semetipsam

149 890 312 948 homo,
355 904 478 952 quae
518 889 758 953 figmento
798 890 897 938 iam
930 890 1117 939 homini
1150 891 1399 954 appellato
1440 893 1615 954 postea
1651 890 1839 939 inserta
1878 894 1969 957 est,

149 989 236 1023 neo
276 988 385 1022 caro
427 974 530 1023 sine
571 975 734 1023 anima
773 975 939 1035 liomO,
980 991 1105 1038 quae
1137 978 1252 1038 post
1285 976 1486 1025 exilium
1522 975 1713 1025 animae
1755 975 1968 1024 cadauer

147 1058 452 1108 inscribitur.
500 1059 571 1108 ita
623 1060 927 1109 uocabulum
973 1060 1121 1109 homo
1178 1063 1517 1109 consertarum
1572 1059 1968 1110 substantiarum

150 1143 357 1192 duarum
399 1144 767 1206 quodammodo
808 1144 961 1194 fibula
1002 1148 1092 1205 est,
1144 1146 1236 1194 sub
1286 1161 1381 1208 quo
1428 1146 1676 1196 uocabulo
1726 1161 1818 1195 non
1859 1161 1970 1208 pos-

151 1231 266 1280 sunt
305 1243 414 1277 esse
453 1229 549 1277 nisi
597 1230 931 1281 cohaerentes
981 1246 1124 1294 porro
1174 1231 1434 1294 apostolus
1480 1232 1766 1280 interiorem
1814 1231 1971 1279 homi-

149 1329 258 1362 nem
298 1328 394 1362 non
433 1317 536 1362 tam
578 1314 794 1364 animam
833 1331 981 1378 quam
1020 1319 1240 1365 mentem
1281 1321 1430 1380 atque
1482 1317 1699 1366 animum
1742 1316 1970 1380 intellegi

148 1398 359 1459 mauult,
399 1398 450 1447 id
489 1401 566 1448 est
603 1415 698 1448 non
740 1401 1072 1450 substantiam
1112 1402 1290 1465 ipsam,
1340 1402 1428 1451 sed
1469 1401 1781 1452 substantiae
1829 1416 1970 1465 sapo-

148 1499 268 1532 rem.
328 1484 576 1547 siquidem
630 1485 864 1548 Ephesiis
918 1487 1137 1536 scribens
1184 1489 1240 1535 in
1285 1487 1632 1536 interiorem
1678 1487 1966 1537 hominem

149 1569 419 1618 habitare
462 1569 782 1632 Christum,
831 1572 1062 1620 sensibus
1103 1574 1279 1635 utique
1325 1572 1663 1621 intimandum
1710 1572 1967 1621 dominum

152 1654 472 1720 significauit.
528 1656 741 1719 denique
796 1657 1042 1706 adiunxit:
1098 1674 1196 1722 per
1240 1658 1421 1707 fidem
1476 1662 1525 1706 et
1579 1659 1633 1706 in
1689 1657 1968 1707 cordibus

149 1740 372 1789 uestris
425 1745 474 1790 et
511 1741 568 1789 in
611 1741 954 1802 dilectione,
996 1742 1144 1792 iidem
1185 1744 1384 1807 quidem
1427 1747 1475 1792 et
1515 1743 1833 1792 dilectionem
1873 1757 1968 1791 non

150 1825 469 1875 substantiua
507 1825 700 1876 animae
740 1842 927 1892 ponens
977 1829 1063 1878 sed
1104 1829 1414 1892 conceptiua,
1462 1829 1518 1878 in
1560 1828 1841 1878 cordibus
1886 1843 1969 1876 au-

147 1913 248 1959 tem
290 1910 476 1970 dicens,
517 1927 642 1975 quae
676 1913 996 1962 substantiua
1030 1917 1146 1963 sunt
1180 1914 1358 1974 carnis,
1392 1915 1490 1963 iam
1525 1918 1573 1963 et
1603 1914 1770 1979 ipsum
1803 1913 1969 1962 interi-

149 2010 282 2045 orem
334 1997 586 2046 homi-nem
641 1998 774 2047 carni
829 1999 1108 2061 deputauit,
1164 2015 1312 2063 quem
1373 2001 1422 2049 in
1486 2001 1631 2050 corde
1687 2000 1967 2050 constituit.

147 2080 336 2145 inspice
405 2098 549 2142 nunc,
619 2084 868 2145 quomodo
931 2086 1222 2134 exteriorem
1284 2085 1487 2150 quidem
1550 2086 1801 2135 hominem
1863 2101 1965 2135 cor-

145 2167 308 2232 rumpi
349 2168 591 2233 allegarit‚
631 2169 920 2218 interiorem
960 2185 1078 2218 uero
1119 2171 1349 2219 renouari
1389 2170 1465 2219 die
1506 2186 1560 2220 ao
1602 2171 1696 2227 die,
1737 2186 1794 2220 ne
1829 2170 1965 2218 illam

148 2253 480 2317 corruptelam
514 2255 674 2302 carnis
709 2254 957 2312 adfirmes,
1000 2271 1148 2318 quam
1182 2271 1237 2304 ex
1271 2256 1348 2305 die
1380 2257 1556 2305 mortis
1587 2257 1636 2304 in
1669 2258 1966 2319 perpetuum

147 2337 401 2387 defectura
432 2339 666 2402 patiatur,
703 2340 789 2389 sed
823 2356 969 2404 quam
1005 2342 1051 2390 in
1078 2341 1230 2390 istius
1257 2342 1393 2390 uitae
1420 2342 1583 2405 spatio
1615 2345 1726 2390 ante
1754 2344 1965 2390 mortem

147 2425 193 2472 et
225 2439 384 2486 usque
418 2423 479 2473 ad
510 2427 719 2474 mortem
756 2426 1106 2475 uexationibus
1141 2430 1189 2475 et
1220 2427 1486 2490 pressuris,
1521 2426 1785 2476 tormentis
1820 2429 1967 2489 atque

149 2509 409 2572 suppliciis
457 2510 670 2559 nominis
719 2525 871 2559 causa
911 2511 1174 2574 experitur.
1215 2528 1328 2560 nam
1369 2515 1417 2561 et
1456 2512 1605 2561 homo
1645 2513 1849 2562 interior
1887 2512 1967 2561 hic

144 2593 318 2656 utique
350 2594 580 2643 renouari
612 2595 831 2655 habebit,
872 2612 957 2660 per
990 2599 1289 2661 suggestum
1325 2598 1533 2661 spiritus
1568 2598 1829 2662 proficiens
1868 2597 1964 2646 fide

147 2682 196 2727 et
235 2678 499 2743 disciplina
548 2680 624 2729 die
666 2696 721 2729 ac
769 2681 864 2740 die,
905 2696 999 2730 non
1040 2682 1160 2740 illie,
1210 2682 1259 2730 id
1299 2686 1376 2732 est
1423 2699 1517 2732 non
1565 2686 1681 2746 post
1719 2698 1966 2732 resurree-

146 2763 350 2824 tionem,
405 2765 491 2813 ubi
547 2781 640 2814 non
696 2766 873 2829 utique
928 2767 1005 2816 die
1060 2782 1116 2816 ac
1164 2767 1241 2816 die
1295 2768 1522 2817 renouari
1570 2768 1826 2829 habemus,
1880 2768 1967 2817 sed

146 2850 300 2897 semel
353 2849 415 2898 ad
469 2865 733 2901 summam.
791 2852 848 2900 de
905 2853 1232 2915 sequentibus
1288 2853 1449 2902 disce:
1500 2854 1652 2916 quod
1700 2854 1851 2902 enim
1899 2853 1966 2901 ad

284 2990 326 3042 3]
354 2989 578 3044 ricor.4,
607 2993 670 3033 16.
754 2993 798 3045 6]
824 2992 875 3033 cf.
903 2992 1006 3034 Gen.
1030 2994 1068 3047 2,
1096 2995 1133 3034 7.
1218 2995 1285 3048 13]
1310 2994 1421 3049 Eph.
1449 2994 1485 3043 3,
1515 2995 1669 3036 16.17.
1756 2994 1826 3047 15]
1853 2994 1961 3047 Eph.

147 3059 274 3112 3,17.
365 3060 435 3113 29]
469 3060 513 3102 Π
546 3060 637 3105 cor.
670 3062 710 3116 4,
747 3064 925 3104 17—18.

203 3145 227 3184 5
267 3144 334 3185 die
367 3148 411 3186 et
434 3145 498 3199 M,
533 3147 583 3186 de
616 3146 683 3188 die
717 3150 761 3188 et
782 3148 833 3196 P,
868 3148 918 3189 de
951 3148 1019 3189 die
1050 3150 1093 3189 in
1116 3149 1163 3190 F
1246 3149 1270 3190 6
1310 3149 1470 3190 homini
1499 3149 1601 3191 Gel:
1629 3150 1801 3190 homine
1826 3149 1970 3190 PMF

148 3216 170 3256 7
216 3215 341 3256 homo
387 3229 466 3257 om.
517 3216 598 3259 Gez
698 3220 722 3260 9
762 3219 893 3260 fibula
931 3218 1005 3272 13³,
1046 3219 1194 3261 fabula
1230 3220 1432 3263 PMFR²
1538 3222 1588 3263 10
1624 3221 1707 3261 nisi
1745 3233 1823 3262 om.
1865 3219 1966 3260 PR1

150 3287 198 3326 17
237 3299 398 3340 ponens
438 3300 516 3330 om.
557 3289 599 3328 P
635 3289 753 3342 (add.
793 3288 837 3330 R
874 3303 926 3331 ea:
963 3290 1289 3344 Hirsauyz'ensi)
1379 3292 1432 3332 20
1470 3291 1685 3332 hominem
1725 3290 1894 3345 quidem
1926 3291 1968 3331 P

147 3356 198 3397 21
246 3356 444 3411 allegarit
486 3358 587 3400 Gel:
635 3360 844 3414 allegaret
888 3361 1032 3402 PMF
1144 3361 1225 3415 die,
1266 3376 1315 3402 ne
1363 3362 1542 3415 scripsi:
1588 3362 1668 3403 die.
1713 3375 1791 3402 nec
1829 3361 1970 3402 PMF

147 3426 200 3467 25
234 3428 445 3481 experitur
475 3430 653 3482 scripsi:
686 3431 924 3484 experietur
954 3432 1097 3472 PMF

1859 3517 1907 3557 6*
