2248 3646
483 291 576 333 VII.
609 291 870 333 Aduersus
900 291 1211 333 Marcionem
1242 292 1314 332 lib.
1346 291 1434 332 IIII
1465 292 1587 332 3-4,
1832 295 1928 342 429

127 450 204 497 est
233 449 353 512 ueri,
392 449 441 497 in
474 451 668 498 tantum
700 448 963 512 praecedat
993 462 1194 497 necesse
1235 449 1311 496 est
1341 447 1525 496 ueritas
1566 447 1762 497 falsum.
1802 447 1933 511 prior

127 533 219 583 erit
247 550 326 583 res
357 534 594 597 passione
621 536 670 583 et
700 535 905 583 materia
938 533 1283 582 aemulatione.
1324 532 1542 595 alioquin
1583 547 1729 595 quam
1763 532 1928 580 absur-

126 617 261 678 dum,
307 621 379 679 ut,
428 619 469 667 si
510 621 736 668 nostrum
778 618 1033 681 antiquius
1070 617 1465 680 probauerimus,
1504 616 1773 665 Marcionis
1813 632 1930 665 uero

123 704 388 766 posterius,
430 705 479 753 et
516 707 741 753 nostrum
782 706 893 751 ante
932 702 1163 751 uideatur
1199 702 1383 751 falsum
1426 717 1571 764 quam
1611 701 1841 750 habuerit
1875 700 1933 749 de

74 806 92 835 5
123 789 334 838 ueritate
381 789 656 846 materiam,
713 791 762 837 et
806 787 1068 837 Marcionis
1117 790 1229 836 ante
1277 786 1504 835 credatur
1550 786 1930 834 aemulationem

126 890 152 922 a
196 876 364 923 nostro
420 876 674 937 expertum
731 889 879 937 quam
935 875 983 921 et
1029 872 1219 921 editum
1274 874 1322 920 et
1366 874 1618 934 postremo
1669 871 1720 919 id
1763 871 1931 919 uerius

125 958 450 1021 existimetur,
485 958 617 1025 quod
649 961 726 1008 est
758 959 934 1017 serius
968 959 1084 1022 post
1114 960 1191 1007 tot
1221 972 1277 1006 ac
1307 959 1448 1006 tanta
1477 957 1576 1005 iam
1608 971 1754 1019 opera
1786 958 1934 1018 atque

124 1043 421 1094 documenta
447 1043 755 1094 Christianae
789 1044 1044 1108 religionis
1079 1044 1277 1092 saeculo
1314 1042 1461 1092 edita.
1497 1057 1619 1105 quae
1653 1041 1729 1090 edi
1761 1041 1933 1104 utique

122 1144 216 1177 non
260 1129 546 1191 potuissent
591 1129 695 1178 sine
744 1128 990 1193 euangelii
1035 1128 1263 1186 ueritate,
1311 1127 1360 1175 id
1408 1129 1484 1176 est
1530 1129 1641 1175 ante
1689 1126 1933 1190 euangelii

52 1230 93 1259 10
123 1215 404 1262 ueritatem.
456 1214 586 1277 quod
634 1229 749 1278 ergo
796 1214 1014 1277 pertinet
1052 1213 1112 1262 ad
1153 1212 1469 1276 euangelium
1515 1211 1713 1260 interim
1752 1211 1932 1270 Lucae,

123 1302 368 1361 quatenus
410 1299 694 1348 communio
737 1300 842 1348 eius
883 1299 1012 1347 inter
1048 1314 1137 1347 nos
1187 1301 1235 1347 et
1273 1297 1576 1346 Marcionem
1624 1296 1681 1345 de
1722 1297 1932 1345 ueritate

123 1383 384 1448 disceptat,
441 1386 560 1433 adeo
610 1385 865 1448 antiquius
913 1384 1180 1433 Marcionis
1230 1385 1307 1432 est
1352 1383 1482 1446 quod
1530 1384 1606 1431 est
1658 1381 1929 1430 secundum

121 1484 226 1529 nos,
266 1473 323 1516 ut
362 1472 410 1518 et
441 1470 549 1533 ipse
580 1469 656 1518 illi
688 1469 909 1518 Marcion
942 1468 1206 1532 aliquando
1241 1468 1520 1528 crediderit,
1560 1483 1673 1516 cum
1707 1470 1756 1516 et
1784 1483 1932 1530 pecu-

121 1553 252 1602 niam
291 1555 340 1603 in
379 1555 540 1618 primo
582 1555 744 1603 calore
782 1554 897 1603 fidei
938 1555 1211 1604 catholicae
1260 1554 1500 1603 ecclesiae
1549 1553 1774 1609 contulit,
1825 1567 1932 1616 pro-

52 1654 91 1684 15
120 1638 301 1687 iectam
341 1655 454 1689 mox
494 1655 606 1688 cum
642 1641 771 1703 ipso,
812 1643 1137 1703 posteaquam
1176 1639 1224 1688 in
1258 1638 1500 1688 haeresim
1534 1653 1673 1695 suam
1707 1653 1732 1686 a
1763 1641 1933 1687 nostra

119 1724 330 1773 ueritate
371 1724 562 1774 desciit.
603 1725 722 1788 quid
762 1740 908 1784 nunc,
950 1726 993 1775 si
1030 1724 1325 1789 negauerint
1355 1723 1680 1773 Marcionitae
1721 1722 1930 1785 primam

122 1808 253 1872 apud
291 1825 379 1858 nos
419 1808 564 1857 fidem
606 1809 711 1858 eius
747 1809 986 1858 aduersus
1021 1809 1287 1873 epistolam
1327 1824 1523 1872 quoque
1562 1808 1755 1872 ipsius?
1796 1807 1930 1870 quid,

122 1894 164 1943 si
190 1909 277 1943 nec
304 1894 567 1957 epistolam
597 1895 923 1958 agnouerint‘?
944 1897 1074 1944 certe
1094 1894 1408 1943 ‘Antithesis‘
1425 1909 1519 1943 non
1544 1893 1691 1942 modo
1716 1892 1932 1941 fatentur

120 1979 387 2028 Marcionis
439 1979 525 2027 sed
574 1982 623 2028 et
660 1980 958 2042 praeferunt.
1000 1996 1055 2029 ex
1091 1980 1169 2028 his
1207 1979 1331 2028 mihi
1377 1979 1600 2043 probatio
1649 1977 1848 2026 sufficit.
1889 1978 1931 2026 si

50 2080 90 2110 20
123 2064 252 2113 enim
289 2064 341 2113 id
382 2065 716 2129 euangelium,
758 2065 889 2128 quod
928 2066 1090 2114 Lucae
1129 2066 1341 2114 refertur
1370 2079 1520 2128 penes
1553 2079 1657 2123 nOS,
1700 2092 1764 2097 —
1796 2062 1931 2111 uide-

112 2150 276 2198 rimus
325 2166 382 2198 an
437 2152 487 2198 et
534 2165 684 2213 penes
724 2150 1027 2199 Marcionem
1080 2180 1137 2185 —
1187 2151 1354 2214 ipsum
1401 2152 1492 2210 est,
1543 2148 1675 2212 quod
1711 2148 1931 2197 Marcion

119 2250 206 2297 per
249 2234 531 2284 Antithesis
580 2250 694 2284 suas
749 2236 916 2301 arguit
967 2238 1024 2284 ut
1074 2236 1431 2300 interpolatum
1485 2251 1512 2284 a
1562 2233 1929 2299 protectoribus

120 2320 361 2369 Iudaismi
394 2320 454 2368 ad
487 2321 978 2384 concorporationem
1009 2312 1137 2384 legis
1171 2323 1220 2369 et
1250 2321 1621 2384 prophetarum,
1649 2335 1745 2383 quo
1780 2318 1931 2367 etiam

123 2403 379 2454 Christum
416 2404 532 2454 inde
573 2405 925 2470 confingerent,
966 2405 1139 2469 utique
1178 2421 1271 2455 non
1311 2406 1562 2470 potuisset
1600 2419 1804 2469 arguere
1835 2403 1932 2452 nisi

53 2508 94 2539 25
126 2489 257 2553 quod
302 2490 577 2540 inuenerat.
626 2505 770 2539 nemo
817 2492 933 2553 post
975 2491 1142 2539 futura
1185 2490 1516 2554 reprehendit,
1570 2505 1693 2554 quae
1738 2489 1932 2553 ignorat

121 2575 306 2624 futura.
347 2575 626 2625 emendatio
661 2576 858 2640 culpam
891 2592 985 2626 non
1018 2575 1282 2625 antecedit.
1324 2576 1610 2625 emendator
1640 2590 1754 2624 sane
1788 2590 1931 2623 euan-

124 2659 240 2724 gelii
273 2675 299 2708 a
330 2660 605 2709 Tiberianis
637 2676 797 2725 usque
830 2661 887 2710 ad
913 2661 1245 2711 Antoniniana
1274 2664 1497 2725 tempora
1523 2660 1685 2710 euersi
1710 2659 1930 2708 Marcion

123 2746 261 2794 solus
302 2747 350 2803 et
387 2745 579 2808 primus
619 2746 837 2807 obuenit‚
886 2749 1175 2811 expectatus
1212 2746 1404 2795 tamdiu
1446 2762 1473 2794 a
1513 2746 1724 2805 Christe,
1768 2744 1931 2808 paeni-

121 2832 256 2879 tente
302 2830 417 2890 iam,
469 2830 602 2893 quod
639 2831 894 2893 apostolos
933 2832 1250 2895 praemisisse
1288 2833 1607 2895 properasset
1651 2830 1755 2879 sine
1794 2844 1931 2894 prae-

54 2932 94 2963 30
126 2914 251 2963 sidio
289 2914 575 2964 Marcionis
623 2915 718 2964 nisi
767 2916 898 2980 quod
943 2918 1189 2966 humanae
1236 2916 1551 2974 temeritatiS,
1597 2932 1692 2965 non
1734 2914 1929 2963 diuinae

126 3000 436 3049 auctoritatis
484 3001 739 3066 negotium
782 3007 859 3051 est
895 3002 1133 3063 haeresiS,
1175 3018 1299 3065 quae
1348 3002 1418 3051 sic
1458 3016 1654 3064 semper
1704 2999 1932 3049 emendat

186 3194 232 3234 11
261 3194 460 3246 quatinus
482 3195 541 3235 M
597 3197 647 3236 12
678 3196 906 3237 Marcionis
932 3200 1005 3247 (sc.
1036 3198 1280 3250 euanyelio)
1306 3197 1362 3249 N,
1385 3197 1540 3237 marcio
1560 3182 1626 3241 M,
1651 3194 1864 3235 Marcione
1887 3193 1930 3235 R

55 3309 58 3311 ‚
129 3263 181 3304 13
202 3264 294 3316 ipse
318 3277 397 3306 om.
422 3266 478 3306 M
501 3267 566 3316 (in
588 3280 668 3320 my.
695 3267 795 3308 add.
819 3281 880 3308 1η.-
897 3269 935 3320 1)
1011 3269 1062 3309 16
1087 3268 1240 3309 desciit
1258 3267 1369 3319 MR,
1401 3267 1583 3308 desciuit
1604 3266 1690 3318 Εἰς]
1764 3266 1814 3305 17
1841 3264 1929 3317 epi-

128 3334 280 3375 stolam
311 3335 376 3387 M,
409 3335 633 3389 epistulam
665 3337 708 3379 R
845 3339 897 3378 23
937 3352 1017 3391 quo
1056 3339 1232 3391 scripsi:
1270 3352 1352 3391 qua
1382 3337 1478 3378 MR
1621 3336 1718 3377 inde
1755 3335 1847 3377 scil.
1880 3347 1931 3375 ea:

126 3404 355 3448 Iudaismo
443 3408 495 3448 27
529 3408 816 3449 Antoniniana
845 3408 919 3459 13³,
952 3410 1183 3451 antoniana
1211 3408 1328 3450 MR1
