<?xml version="1.0" encoding="UTF-8"?>
<!DOCTYPE html PUBLIC "-//W3C//DTD XHTML 1.0 Transitional//EN"
    "http://www.w3.org/TR/xhtml1/DTD/xhtml1-transitional.dtd">
<html xmlns="http://www.w3.org/1999/xhtml" xml:lang="en" lang="en">
 <head>
  <title>
</title>
<meta http-equiv="Content-Type" content="text/html;charset=utf-8" />
  <meta name='ocr-system' content='tesseract 3.04.00' />
  <meta name='ocr-capabilities' content='ocr_page ocr_carea ocr_par ocr_line ocrx_word'/>
</head>
<body>
  <div class='ocr_page' id='page_1' title='image "./quintiseptimiflo47tertuoft_0022.png"; bbox 0 0 2248 3646; ppageno 0'>
   <div class='ocr_carea' id='block_1_1' title="bbox 205 225 1318 283">
    <p class='ocr_par' dir='ltr' id='par_1_1' title="bbox 205 225 1318 283">
     <span class='ocr_line' id='line_1_1' title="bbox 205 225 1318 283; baseline -0.001 -15"><span class='ocrx_word' id='word_1_1' title='bbox 205 232 301 283; x_wconf 82' lang='lat' dir='ltr'>XX</span> <span class='ocrx_word' id='word_1_2' title='bbox 961 225 1318 269; x_wconf 87' lang='lat' dir='ltr'>Praefatio.</span> 
     </span>
    </p>
   </div>
   <div class='ocr_carea' id='block_1_2' title="bbox 202 384 2079 2820">
    <p class='ocr_par' dir='ltr' id='par_1_2' title="bbox 206 384 2077 544">
     <span class='ocr_line' id='line_1_2' title="bbox 206 384 2077 457; baseline -0.002 -17"><span class='ocrx_word' id='word_1_3' title='bbox 206 407 251 456; x_wconf 88' lang='lat' dir='ltr'>p.</span> <span class='ocrx_word' id='word_1_4' title='bbox 285 390 334 451; x_wconf 79' lang='lat'>3,</span> <span class='ocrx_word' id='word_1_5' title='bbox 370 387 440 457; x_wconf 82' lang='lat'>2).</span> <span class='ocrx_word' id='word_1_6' title='bbox 481 388 591 439; x_wconf 87' lang='lat' dir='ltr'>fieri</span> <span class='ocrx_word' id='word_1_7' title='bbox 632 387 765 438; x_wconf 89' lang='lat' dir='ltr'>enim</span> <span class='ocrx_word' id='word_1_8' title='bbox 803 387 995 451; x_wconf 91' lang='lat' dir='ltr'>potest,</span> <span class='ocrx_word' id='word_1_9' title='bbox 1028 387 1087 436; x_wconf 91' lang='lat' dir='ltr'>ut</span> <span class='ocrx_word' id='word_1_10' title='bbox 1125 387 1177 435; x_wconf 92' lang='lat' dir='ltr'>et</span> <span class='ocrx_word' id='word_1_11' title='bbox 1214 384 1474 457; x_wconf 87' lang='lat' dir='ltr'>uariarum</span> <span class='ocrx_word' id='word_1_12' title='bbox 1513 386 1796 437; x_wconf 88' lang='lat' dir='ltr'>lectionum</span> <span class='ocrx_word' id='word_1_13' title='bbox 1837 388 1889 437; x_wconf 91' lang='lat' dir='ltr'>et</span> <span class='ocrx_word' id='word_1_14' title='bbox 1925 386 2077 438; x_wconf 90' lang='lat' dir='ltr'>inter-</span> 
     </span>
     <span class='ocr_line' id='line_1_3' title="bbox 206 471 2076 544; baseline -0.001 -16"><span class='ocrx_word' id='word_1_15' title='bbox 206 477 526 544; x_wconf 88' lang='lat' dir='ltr'>polationum</span> <span class='ocrx_word' id='word_1_16' title='bbox 565 490 753 542; x_wconf 88' lang='lat' dir='ltr'>magna</span> <span class='ocrx_word' id='word_1_17' title='bbox 791 489 907 539; x_wconf 90' lang='lat' dir='ltr'>pars</span> <span class='ocrx_word' id='word_1_18' title='bbox 950 489 1048 524; x_wconf 90' lang='lat' dir='ltr'>non</span> <span class='ocrx_word' id='word_1_19' title='bbox 1082 471 1246 523; x_wconf 88' lang='lat' dir='ltr'>codici</span> <span class='ocrx_word' id='word_1_20' title='bbox 1281 472 1369 523; x_wconf 89' lang='lat' dir='ltr'>sed</span> <span class='ocrx_word' id='word_1_21' title='bbox 1402 472 1677 524; x_wconf 75' lang='lat' dir='ltr'>correctori</span> <span class='ocrx_word' id='word_1_22' title='bbox 1707 473 1785 524; x_wconf 87' lang='lat' dir='ltr'>illi</span> <span class='ocrx_word' id='word_1_23' title='bbox 1818 474 2076 527; x_wconf 83' lang='lat' dir='ltr'>debeatur.</span> 
     </span>
    </p>

    <p class='ocr_par' dir='ltr' id='par_1_3' title="bbox 204 559 2078 980">
     <span class='ocr_line' id='line_1_4' title="bbox 278 559 2078 628; baseline -0.002 -13"><span class='ocrx_word' id='word_1_24' title='bbox 278 563 427 615; x_wconf 92' lang='lat' dir='ltr'>Nunc</span> <span class='ocrx_word' id='word_1_25' title='bbox 480 562 659 628; x_wconf 82' lang='lat' dir='ltr'>paucis</span> <span class='ocrx_word' id='word_1_26' title='bbox 717 561 871 612; x_wconf 92' lang='lat' dir='ltr'>etiam</span> <span class='ocrx_word' id='word_1_27' title='bbox 928 559 987 611; x_wconf 88' lang='lat' dir='ltr'>de</span> <span class='ocrx_word' id='word_1_28' title='bbox 1044 559 1208 625; x_wconf 89' lang='lat' dir='ltr'>quinti</span> <span class='ocrx_word' id='word_1_29' title='bbox 1258 559 1443 610; x_wconf 79' lang='lat' dir='ltr'>decimi</span> <span class='ocrx_word' id='word_1_30' title='bbox 1483 560 1679 612; x_wconf 88' lang='lat' dir='ltr'>saeculi</span> <span class='ocrx_word' id='word_1_31' title='bbox 1716 561 1861 612; x_wconf 88' lang='lat' dir='ltr'>libris</span> <span class='ocrx_word' id='word_1_32' title='bbox 1901 576 2078 612; x_wconf 91' lang='lat' dir='ltr'>manu-</span> 
     </span>
     <span class='ocr_line' id='line_1_5' title="bbox 207 644 2077 716; baseline -0.002 -14"><span class='ocrx_word' id='word_1_33' title='bbox 207 650 429 716; x_wconf 75' lang='lat' dir='ltr'>scriptis,</span> <span class='ocrx_word' id='word_1_34' title='bbox 486 649 546 701; x_wconf 91' lang='lat' dir='ltr'>de</span> <span class='ocrx_word' id='word_1_35' title='bbox 598 647 909 700; x_wconf 78' lang='lat' dir='ltr'>Florentinis</span> <span class='ocrx_word' id='word_1_36' title='bbox 964 646 1021 697; x_wconf 89' lang='lat' dir='ltr'><strong><em>F</em></strong></span> <span class='ocrx_word' id='word_1_37' title='bbox 1062 649 1113 697; x_wconf 91' lang='lat' dir='ltr'>et</span> <span class='ocrx_word' id='word_1_38' title='bbox 1159 644 1221 695; x_wconf 91' lang='lat' dir='ltr'><strong><em>N</em></strong></span> <span class='ocrx_word' id='word_1_39' title='bbox 1258 648 1310 697; x_wconf 91' lang='lat' dir='ltr'>et</span> <span class='ocrx_word' id='word_1_40' title='bbox 1357 646 1417 697; x_wconf 91' lang='lat' dir='ltr'>de</span> <span class='ocrx_word' id='word_1_41' title='bbox 1468 662 1524 699; x_wconf 91' lang='lat' dir='ltr'>eo</span> <span class='ocrx_word' id='word_1_42' title='bbox 1574 647 1766 711; x_wconf 86' lang='lat' dir='ltr'>codice,</span> <span class='ocrx_word' id='word_1_43' title='bbox 1822 664 1970 714; x_wconf 90' lang='lat' dir='ltr'>quem</span> <span class='ocrx_word' id='word_1_44' title='bbox 2025 648 2077 699; x_wconf 90' lang='lat' dir='ltr'>in</span> 
     </span>
     <span class='ocr_line' id='line_1_6' title="bbox 204 734 2075 799; baseline -0.002 -9"><span class='ocrx_word' id='word_1_45' title='bbox 204 737 495 790; x_wconf 87' lang='lat' dir='ltr'>adornanda</span> <span class='ocrx_word' id='word_1_46' title='bbox 547 736 700 788; x_wconf 88' lang='lat' dir='ltr'>tertia</span> <span class='ocrx_word' id='word_1_47' title='bbox 747 735 971 787; x_wconf 85' lang='lat' dir='ltr'>editione</span> <span class='ocrx_word' id='word_1_48' title='bbox 1011 734 1062 785; x_wconf 91' lang='lat' dir='ltr'>in</span> <span class='ocrx_word' id='word_1_49' title='bbox 1101 750 1258 786; x_wconf 89' lang='lat' dir='ltr'>usum</span> <span class='ocrx_word' id='word_1_50' title='bbox 1296 734 1510 786; x_wconf 89' lang='lat' dir='ltr'>uocauit</span> <span class='ocrx_word' id='word_1_51' title='bbox 1547 735 1740 786; x_wconf 85' lang='lat' dir='ltr'>Beatus</span> <span class='ocrx_word' id='word_1_52' title='bbox 1780 735 2075 799; x_wconf 77' lang='lat' dir='ltr'>RhenanUS,</span> 
     </span>
     <span class='ocr_line' id='line_1_7' title="bbox 207 821 2075 889; baseline -0.002 -11"><span class='ocrx_word' id='word_1_53' title='bbox 207 825 536 878; x_wconf 86' lang='lat' dir='ltr'>Gorziensem</span> <span class='ocrx_word' id='word_1_54' title='bbox 576 823 688 875; x_wconf 93' lang='lat' dir='ltr'>dico</span> <span class='ocrx_word' id='word_1_55' title='bbox 728 822 882 874; x_wconf 88' lang='lat' dir='ltr'>hodie</span> <span class='ocrx_word' id='word_1_56' title='bbox 924 821 1264 889; x_wconf 91' lang='lat' dir='ltr'>deperditum,</span> <span class='ocrx_word' id='word_1_57' title='bbox 1307 822 1367 872; x_wconf 90' lang='lat' dir='ltr'>de</span> <span class='ocrx_word' id='word_1_58' title='bbox 1409 822 1596 888; x_wconf 89' lang='lat' dir='ltr'>quibus</span> <span class='ocrx_word' id='word_1_59' title='bbox 1641 823 1878 874; x_wconf 89' lang='lat' dir='ltr'>omnibus</span> <span class='ocrx_word' id='word_1_60' title='bbox 1917 823 2075 875; x_wconf 84' lang='lat' dir='ltr'>latius</span> 
     </span>
     <span class='ocr_line' id='line_1_8' title="bbox 206 909 1477 980; baseline -0.004 -15"><span class='ocrx_word' id='word_1_61' title='bbox 206 913 467 980; x_wconf 90' lang='lat' dir='ltr'>disputaui</span> <span class='ocrx_word' id='word_1_62' title='bbox 507 910 769 962; x_wconf 72' lang='lat' dir='ltr'>Kritz‘sche</span> <span class='ocrx_word' id='word_1_63' title='bbox 818 909 1153 961; x_wconf 76' lang='lat' dir='ltr'>Vorarbcz‘tcn</span> <span class='ocrx_word' id='word_1_64' title='bbox 1190 926 1240 975; x_wconf 90' lang='lat' dir='ltr'>p.</span> <span class='ocrx_word' id='word_1_65' title='bbox 1283 910 1477 960; x_wconf 79' lang='lat'>4-13,</span> 
     </span>
    </p>

    <p class='ocr_par' dir='ltr' id='par_1_4' title="bbox 202 996 2079 2820">
     <span class='ocr_line' id='line_1_9' title="bbox 277 996 2075 1065; baseline -0.001 -14"><span class='ocrx_word' id='word_1_66' title='bbox 277 1000 593 1052; x_wconf 88' lang='lat' dir='ltr'>Asseruatur</span> <span class='ocrx_word' id='word_1_67' title='bbox 633 998 789 1050; x_wconf 84' lang='lat' dir='ltr'>codex</span> <span class='ocrx_word' id='word_1_68' title='bbox 827 998 1228 1049; x_wconf 82' lang='lat' dir='ltr'>Florentinus</span> <span class='ocrx_word' id='word_1_69' title='bbox 1268 996 1326 1048; x_wconf 90' lang='lat' dir='ltr'><em>F</em></span> <span class='ocrx_word' id='word_1_70' title='bbox 1364 997 1639 1063; x_wconf 82' lang='lat' dir='ltr'>(Conuenti</span> <span class='ocrx_word' id='word_1_71' title='bbox 1681 998 1939 1065; x_wconf 86' lang='lat' dir='ltr'>soppressi</span> <span class='ocrx_word' id='word_1_72' title='bbox 1988 998 2075 1061; x_wconf 88' lang='lat' dir='ltr'>VI,</span> 
     </span>
     <span class='ocr_line' id='line_1_10' title="bbox 208 1085 2075 1157; baseline -0.003 -16"><span class='ocrx_word' id='word_1_73' title='bbox 208 1087 296 1157; x_wconf 85' lang='lat'>10)</span> <span class='ocrx_word' id='word_1_74' title='bbox 336 1090 387 1140; x_wconf 90' lang='lat' dir='ltr'>in</span> <span class='ocrx_word' id='word_1_75' title='bbox 425 1087 743 1139; x_wconf 88' lang='lat' dir='ltr'>bibliotheca</span> <span class='ocrx_word' id='word_1_76' title='bbox 780 1085 1240 1153; x_wconf 88' lang='lat' dir='ltr'>Magliabechiana.</span> <span class='ocrx_word' id='word_1_77' title='bbox 1291 1087 1371 1136; x_wconf 92' lang='lat' dir='ltr'>est</span> <span class='ocrx_word' id='word_1_78' title='bbox 1410 1086 1710 1137; x_wconf 72' lang='lat' dir='ltr'>chartaceus</span> <span class='ocrx_word' id='word_1_79' title='bbox 1749 1086 1835 1147; x_wconf 80' lang='lat'>(38</span> <span class='ocrx_word' id='word_1_80' title='bbox 1878 1095 1928 1144; x_wconf 93' lang='lat'>&gt;&lt;</span> <span class='ocrx_word' id='word_1_81' title='bbox 1972 1087 2075 1149; x_wconf 84' lang='lat'>30),</span> 
     </span>
     <span class='ocr_line' id='line_1_11' title="bbox 203 1172 2077 1242; baseline -0.002 -14"><span class='ocrx_word' id='word_1_82' title='bbox 203 1177 254 1229; x_wconf 87' lang='lat' dir='ltr'>in</span> <span class='ocrx_word' id='word_1_83' title='bbox 296 1175 492 1227; x_wconf 88' lang='lat' dir='ltr'>duabus</span> <span class='ocrx_word' id='word_1_84' title='bbox 532 1174 765 1242; x_wconf 89' lang='lat' dir='ltr'>partibus</span> <span class='ocrx_word' id='word_1_85' title='bbox 808 1175 1059 1236; x_wconf 78' lang='lat' dir='ltr'>exaratuS,</span> <span class='ocrx_word' id='word_1_86' title='bbox 1101 1189 1126 1224; x_wconf 93' lang='lat' dir='ltr'>e</span> <span class='ocrx_word' id='word_1_87' title='bbox 1168 1172 1355 1238; x_wconf 88' lang='lat' dir='ltr'>quibus</span> <span class='ocrx_word' id='word_1_88' title='bbox 1387 1173 1608 1238; x_wconf 86' lang='lat' dir='ltr'>priorem</span> <span class='ocrx_word' id='word_1_89' title='bbox 1643 1174 1922 1226; x_wconf 89' lang='lat' dir='ltr'>secundum</span> <span class='ocrx_word' id='word_1_90' title='bbox 1960 1174 2077 1225; x_wconf 91' lang='lat' dir='ltr'>sub-</span> 
     </span>
     <span class='ocr_line' id='line_1_12' title="bbox 205 1261 2077 1330; baseline -0.001 -15"><span class='ocrx_word' id='word_1_91' title='bbox 205 1263 536 1330; x_wconf 71' lang='lat' dir='ltr'>scriptionem</span> <span class='ocrx_word' id='word_1_92' title='bbox 598 1261 871 1327; x_wconf 86' lang='lat' dir='ltr'>descripsit</span> <span class='ocrx_word' id='word_1_93' title='bbox 931 1276 1059 1311; x_wconf 89' lang='lat' dir='ltr'>anno</span> <span class='ocrx_word' id='word_1_94' title='bbox 1127 1261 1263 1311; x_wconf 79' lang='lat'>1426</span> <span class='ocrx_word' id='word_1_95' title='bbox 1316 1261 1368 1311; x_wconf 91' lang='lat' dir='ltr'>in</span> <span class='ocrx_word' id='word_1_96' title='bbox 1424 1262 1667 1313; x_wconf 89' lang='lat' dir='ltr'>coenobio</span> <span class='ocrx_word' id='word_1_97' title='bbox 1723 1262 2077 1314; x_wconf 81' lang='lat' dir='ltr'>Pforzhinensi</span> 
     </span>
     <span class='ocr_line' id='line_1_13' title="bbox 202 1348 2076 1416; baseline -0.001 -13"><span class='ocrx_word' id='word_1_98' title='bbox 202 1351 359 1403; x_wconf 86' lang='lat' dir='ltr'>frater</span> <span class='ocrx_word' id='word_1_99' title='bbox 396 1351 650 1402; x_wconf 90' lang='lat' dir='ltr'>Iohannes</span> <span class='ocrx_word' id='word_1_100' title='bbox 691 1349 751 1399; x_wconf 90' lang='lat' dir='ltr'>de</span> <span class='ocrx_word' id='word_1_101' title='bbox 791 1348 1140 1411; x_wconf 88' lang='lat' dir='ltr'>Lautenbach,</span> <span class='ocrx_word' id='word_1_102' title='bbox 1181 1349 1519 1415; x_wconf 84' lang='lat' dir='ltr'>posteriorem</span> <span class='ocrx_word' id='word_1_103' title='bbox 1560 1349 1754 1400; x_wconf 89' lang='lat' dir='ltr'>ibidem</span> <span class='ocrx_word' id='word_1_104' title='bbox 1794 1350 2076 1416; x_wconf 86' lang='lat' dir='ltr'>eodemque</span> 
     </span>
     <span class='ocr_line' id='line_1_14' title="bbox 205 1435 2077 1504; baseline -0.001 -14"><span class='ocrx_word' id='word_1_105' title='bbox 205 1439 385 1504; x_wconf 70' lang='lat' dir='ltr'>annol)</span> <span class='ocrx_word' id='word_1_106' title='bbox 441 1438 595 1489; x_wconf 83' lang='lat' dir='ltr'>frater</span> <span class='ocrx_word' id='word_1_107' title='bbox 632 1436 857 1488; x_wconf 81' lang='lat' dir='ltr'>Thomas</span> <span class='ocrx_word' id='word_1_108' title='bbox 916 1435 975 1487; x_wconf 92' lang='lat' dir='ltr'>de</span> <span class='ocrx_word' id='word_1_109' title='bbox 1030 1436 1222 1502; x_wconf 85' lang='lat' dir='ltr'>Lypha.</span> <span class='ocrx_word' id='word_1_110' title='bbox 1279 1435 1487 1487; x_wconf 72' lang='lat' dir='ltr'>fluxisse</span> <span class='ocrx_word' id='word_1_111' title='bbox 1542 1437 1679 1488; x_wconf 91' lang='lat' dir='ltr'>hunc</span> <span class='ocrx_word' id='word_1_112' title='bbox 1734 1437 1961 1489; x_wconf 90' lang='lat' dir='ltr'>codicem</span> <span class='ocrx_word' id='word_1_113' title='bbox 2019 1453 2077 1489; x_wconf 75' lang='lat' dir='ltr'>ex</span> 
     </span>
     <span class='ocr_line' id='line_1_15' title="bbox 205 1524 2076 1594; baseline -0.001 -16"><span class='ocrx_word' id='word_1_114' title='bbox 205 1526 496 1594; x_wconf 88' lang='lat' dir='ltr'>apographo</span> <span class='ocrx_word' id='word_1_115' title='bbox 529 1524 981 1592; x_wconf 90' lang='lat' dir='ltr'>Hirsaugiensium</span> <span class='ocrx_word' id='word_1_116' title='bbox 1015 1525 1138 1576; x_wconf 91' lang='lat' dir='ltr'>olim</span> <span class='ocrx_word' id='word_1_117' title='bbox 1170 1524 1221 1574; x_wconf 89' lang='lat' dir='ltr'>in</span> <span class='ocrx_word' id='word_1_118' title='bbox 1256 1524 1500 1576; x_wconf 87' lang='lat' dir='ltr'>coenobio</span> <span class='ocrx_word' id='word_1_119' title='bbox 1525 1524 1882 1576; x_wconf 85' lang='lat' dir='ltr'>Pforzhinensi</span> <span class='ocrx_word' id='word_1_120' title='bbox 1916 1541 2076 1577; x_wconf 84' lang='lat' dir='ltr'>asser-</span> 
     </span>
     <span class='ocr_line' id='line_1_16' title="bbox 205 1612 2078 1680; baseline -0.001 -14"><span class='ocrx_word' id='word_1_121' title='bbox 205 1617 327 1666; x_wconf 89' lang='lat' dir='ltr'>uato</span> <span class='ocrx_word' id='word_1_122' title='bbox 383 1629 519 1665; x_wconf 90' lang='lat' dir='ltr'>nunc</span> <span class='ocrx_word' id='word_1_123' title='bbox 576 1612 840 1679; x_wconf 88' lang='lat' dir='ltr'>deperdito</span> <span class='ocrx_word' id='word_1_124' title='bbox 897 1612 1024 1663; x_wconf 87' lang='lat' dir='ltr'>satis</span> <span class='ocrx_word' id='word_1_125' title='bbox 1080 1612 1232 1663; x_wconf 89' lang='lat' dir='ltr'>certis</span> <span class='ocrx_word' id='word_1_126' title='bbox 1296 1612 1583 1664; x_wconf 89' lang='lat' dir='ltr'>rationibus</span> <span class='ocrx_word' id='word_1_127' title='bbox 1646 1613 1891 1680; x_wconf 83' lang='lat' dir='ltr'>probasse</span> <span class='ocrx_word' id='word_1_128' title='bbox 1951 1614 2078 1665; x_wconf 83' lang='lat' dir='ltr'>mihi</span> 
     </span>
     <span class='ocr_line' id='line_1_17' title="bbox 204 1699 2076 1770; baseline -0.001 -16"><span class='ocrx_word' id='word_1_129' title='bbox 204 1701 452 1765; x_wconf 82' lang='lat' dir='ltr'>uide01·.2)</span> <span class='ocrx_word' id='word_1_130' title='bbox 489 1699 944 1768; x_wconf 84' lang='lat' dir='ltr'>neglegentissime</span> <span class='ocrx_word' id='word_1_131' title='bbox 988 1702 1161 1751; x_wconf 87' lang='lat' dir='ltr'>autem</span> <span class='ocrx_word' id='word_1_132' title='bbox 1203 1702 1462 1751; x_wconf 84' lang='lat' dir='ltr'>exaratum</span> <span class='ocrx_word' id='word_1_133' title='bbox 1501 1700 1664 1752; x_wconf 87' lang='lat' dir='ltr'>fuisse</span> <span class='ocrx_word' id='word_1_134' title='bbox 1703 1701 1836 1753; x_wconf 83' lang='lat' dir='ltr'>illud</span> <span class='ocrx_word' id='word_1_135' title='bbox 1867 1718 2076 1770; x_wconf 87' lang='lat' dir='ltr'>apogra-</span> 
     </span>
     <span class='ocr_line' id='line_1_18' title="bbox 203 1787 2078 1858; baseline 0.001 -17"><span class='ocrx_word' id='word_1_136' title='bbox 203 1791 365 1858; x_wconf 87' lang='lat' dir='ltr'>phum</span> <span class='ocrx_word' id='word_1_137' title='bbox 406 1806 464 1843; x_wconf 80' lang='lat' dir='ltr'>ex</span> <span class='ocrx_word' id='word_1_138' title='bbox 501 1789 700 1856; x_wconf 85' lang='lat' dir='ltr'>ingenti</span> <span class='ocrx_word' id='word_1_139' title='bbox 741 1791 792 1840; x_wconf 90' lang='lat' dir='ltr'>et</span> <span class='ocrx_word' id='word_1_140' title='bbox 828 1788 1128 1839; x_wconf 86' lang='lat' dir='ltr'>lacunarum</span> <span class='ocrx_word' id='word_1_141' title='bbox 1171 1790 1223 1839; x_wconf 92' lang='lat' dir='ltr'>et</span> <span class='ocrx_word' id='word_1_142' title='bbox 1253 1787 1609 1858; x_wconf 67' lang='lat' dir='ltr'>mendorumss)</span> <span class='ocrx_word' id='word_1_143' title='bbox 1648 1806 1858 1842; x_wconf 88' lang='lat' dir='ltr'>numero</span> <span class='ocrx_word' id='word_1_144' title='bbox 1893 1806 2078 1858; x_wconf 78' lang='lat' dir='ltr'>cogno-</span> 
     </span>
     <span class='ocr_line' id='line_1_19' title="bbox 206 1876 2075 1944; baseline 0 -14"><span class='ocrx_word' id='word_1_145' title='bbox 206 1880 382 1941; x_wconf 78' lang='lat' dir='ltr'>scitur,</span> <span class='ocrx_word' id='word_1_146' title='bbox 415 1877 603 1944; x_wconf 88' lang='lat' dir='ltr'>quibus</span> <span class='ocrx_word' id='word_1_147' title='bbox 631 1876 859 1928; x_wconf 88' lang='lat' dir='ltr'>caruisse</span> <span class='ocrx_word' id='word_1_148' title='bbox 884 1876 1284 1944; x_wconf 89' lang='lat' dir='ltr'>Hirsaugienses</span> <span class='ocrx_word' id='word_1_149' title='bbox 1313 1894 1369 1928; x_wconf 79' lang='lat' dir='ltr'>ex</span> <span class='ocrx_word' id='word_1_150' title='bbox 1399 1878 1566 1943; x_wconf 89' lang='lat' dir='ltr'>prima</span> <span class='ocrx_word' id='word_1_151' title='bbox 1589 1878 1822 1929; x_wconf 88' lang='lat' dir='ltr'>Rhenani</span> <span class='ocrx_word' id='word_1_152' title='bbox 1855 1877 2075 1930; x_wconf 87' lang='lat' dir='ltr'>editione</span> 
     </span>
     <span class='ocr_line' id='line_1_20' title="bbox 206 1964 2074 2032; baseline -0.001 -14"><span class='ocrx_word' id='word_1_153' title='bbox 206 1967 414 2019; x_wconf 88' lang='lat' dir='ltr'>scimus.</span> <span class='ocrx_word' id='word_1_154' title='bbox 470 1964 706 2032; x_wconf 89' lang='lat' dir='ltr'>quamuis</span> <span class='ocrx_word' id='word_1_155' title='bbox 763 1965 936 2016; x_wconf 84' lang='lat' dir='ltr'>autem</span> <span class='ocrx_word' id='word_1_156' title='bbox 982 1965 1148 2015; x_wconf 88' lang='lat' dir='ltr'>malae</span> <span class='ocrx_word' id='word_1_157' title='bbox 1189 1965 1259 2016; x_wconf 91' lang='lat' dir='ltr'>sit</span> <span class='ocrx_word' id='word_1_158' title='bbox 1297 1966 1464 2028; x_wconf 87' lang='lat' dir='ltr'>notae,</span> <span class='ocrx_word' id='word_1_159' title='bbox 1519 1968 1691 2017; x_wconf 89' lang='lat' dir='ltr'>tamen</span> <span class='ocrx_word' id='word_1_160' title='bbox 1730 1981 1829 2017; x_wconf 89' lang='lat' dir='ltr'>non</span> <span class='ocrx_word' id='word_1_161' title='bbox 1872 1967 2074 2018; x_wconf 88' lang='lat' dir='ltr'>omnino</span> 
     </span>
     <span class='ocr_line' id='line_1_21' title="bbox 206 2051 2075 2120; baseline 0 -15"><span class='ocrx_word' id='word_1_162' title='bbox 206 2053 630 2105; x_wconf 88' lang='lat' dir='ltr'>contemnendum</span> <span class='ocrx_word' id='word_1_163' title='bbox 666 2054 746 2103; x_wconf 89' lang='lat' dir='ltr'>est</span> <span class='ocrx_word' id='word_1_164' title='bbox 779 2051 888 2104; x_wconf 89' lang='lat' dir='ltr'>eius</span> <span class='ocrx_word' id='word_1_165' title='bbox 930 2052 1192 2104; x_wconf 81' lang='lat' dir='ltr'>auxilium.</span> <span class='ocrx_word' id='word_1_166' title='bbox 1236 2052 1551 2119; x_wconf 87' lang='lat' dir='ltr'>ubicumque</span> <span class='ocrx_word' id='word_1_167' title='bbox 1594 2053 1728 2104; x_wconf 88' lang='lat' dir='ltr'>enim</span> <span class='ocrx_word' id='word_1_168' title='bbox 1767 2069 1857 2120; x_wconf 90' lang='lat' dir='ltr'>pro</span> <span class='ocrx_word' id='word_1_169' title='bbox 1898 2053 2075 2105; x_wconf 76' lang='lat' dir='ltr'>funda-</span> 
     </span>
     <span class='ocr_line' id='line_1_22' title="bbox 203 2140 2075 2208; baseline -0.001 -15"><span class='ocrx_word' id='word_1_170' title='bbox 203 2143 374 2193; x_wconf 86' lang='lat' dir='ltr'>mento</span> <span class='ocrx_word' id='word_1_171' title='bbox 415 2140 592 2208; x_wconf 92' lang='lat' dir='ltr'>posuit</span> <span class='ocrx_word' id='word_1_172' title='bbox 628 2140 904 2192; x_wconf 85' lang='lat' dir='ltr'>Rhenanus</span> <span class='ocrx_word' id='word_1_173' title='bbox 946 2140 1395 2192; x_wconf 87' lang='lat' dir='ltr'>Paterniacensem</span> <span class='ocrx_word' id='word_1_174' title='bbox 1448 2141 1498 2191; x_wconf 92' lang='lat' dir='ltr'>in</span> <span class='ocrx_word' id='word_1_175' title='bbox 1547 2157 1702 2193; x_wconf 86' lang='lat' dir='ltr'>usum</span> <span class='ocrx_word' id='word_1_176' title='bbox 1749 2143 1952 2193; x_wconf 84' lang='lat' dir='ltr'>tantum</span> <span class='ocrx_word' id='word_1_177' title='bbox 1992 2142 2075 2192; x_wconf 84' lang='lat' dir='ltr'>ad-</span> 
     </span>
     <span class='ocr_line' id='line_1_23' title="bbox 203 2227 2075 2295; baseline 0 -15"><span class='ocrx_word' id='word_1_178' title='bbox 203 2229 385 2281; x_wconf 90' lang='lat' dir='ltr'>hibitis</span> <span class='ocrx_word' id='word_1_179' title='bbox 416 2227 897 2295; x_wconf 80' lang='lat' dir='ltr'>HirsaugiensibUS,</span> <span class='ocrx_word' id='word_1_180' title='bbox 933 2243 1052 2279; x_wconf 90' lang='lat' dir='ltr'>cum</span> <span class='ocrx_word' id='word_1_181' title='bbox 1084 2243 1176 2279; x_wconf 91' lang='lat' dir='ltr'>nec</span> <span class='ocrx_word' id='word_1_182' title='bbox 1210 2229 1446 2279; x_wconf 85' lang='lat' dir='ltr'>accurate</span> <span class='ocrx_word' id='word_1_183' title='bbox 1478 2243 1573 2279; x_wconf 89' lang='lat' dir='ltr'>nec</span> <span class='ocrx_word' id='word_1_184' title='bbox 1603 2228 1752 2295; x_wconf 86' lang='lat' dir='ltr'>plene</span> <span class='ocrx_word' id='word_1_185' title='bbox 1788 2230 2075 2281; x_wconf 84' lang='lat' dir='ltr'>excussisse</span> 
     </span>
     <span class='ocr_line' id='line_1_24' title="bbox 206 2315 2073 2385; baseline -0.001 -16"><span class='ocrx_word' id='word_1_186' title='bbox 206 2319 548 2385; x_wconf 88' lang='lat' dir='ltr'>cognoscatur</span> <span class='ocrx_word' id='word_1_187' title='bbox 588 2331 715 2381; x_wconf 87' lang='lat' dir='ltr'>quos</span> <span class='ocrx_word' id='word_1_188' title='bbox 747 2331 868 2383; x_wconf 89' lang='lat' dir='ltr'>prae</span> <span class='ocrx_word' id='word_1_189' title='bbox 900 2316 1279 2367; x_wconf 87' lang='lat' dir='ltr'>Paterniacensi</span> <span class='ocrx_word' id='word_1_190' title='bbox 1311 2315 1538 2383; x_wconf 87' lang='lat' dir='ltr'>neglexit</span> <span class='ocrx_word' id='word_1_191' title='bbox 1571 2316 1790 2380; x_wconf 82' lang='lat' dir='ltr'>codiceS‚</span> <span class='ocrx_word' id='word_1_192' title='bbox 1828 2319 2073 2383; x_wconf 88' lang='lat' dir='ltr'>quantum</span> 
     </span>
     <span class='ocr_line' id='line_1_25' title="bbox 204 2402 2075 2470; baseline -0.001 -13"><span class='ocrx_word' id='word_1_193' title='bbox 204 2421 297 2457; x_wconf 93' lang='lat' dir='ltr'>nos</span> <span class='ocrx_word' id='word_1_194' title='bbox 325 2405 535 2455; x_wconf 90' lang='lat' dir='ltr'>adiuuet</span> <span class='ocrx_word' id='word_1_195' title='bbox 558 2403 882 2455; x_wconf 86' lang='lat' dir='ltr'>Florentinus</span> <span class='ocrx_word' id='word_1_196' title='bbox 910 2402 968 2453; x_wconf 90' lang='lat' dir='ltr'><em>F</em></span> <span class='ocrx_word' id='word_1_197' title='bbox 983 2403 1034 2454; x_wconf 93' lang='lat' dir='ltr'>in</span> <span class='ocrx_word' id='word_1_198' title='bbox 1066 2403 1402 2454; x_wconf 87' lang='lat' dir='ltr'>restituendis</span> <span class='ocrx_word' id='word_1_199' title='bbox 1434 2402 1580 2454; x_wconf 89' lang='lat' dir='ltr'>libris</span> <span class='ocrx_word' id='word_1_200' title='bbox 1616 2404 1891 2470; x_wconf 84' lang='lat' dir='ltr'>deperditis</span> <span class='ocrx_word' id='word_1_201' title='bbox 1924 2405 2075 2456; x_wconf 82' lang='lat' dir='ltr'>facile</span> 
     </span>
     <span class='ocr_line' id='line_1_26' title="bbox 203 2490 2075 2559; baseline -0.001 -16"><span class='ocrx_word' id='word_1_202' title='bbox 203 2491 540 2559; x_wconf 89' lang='lat' dir='ltr'>intellegitur,</span> <span class='ocrx_word' id='word_1_203' title='bbox 581 2506 673 2542; x_wconf 90' lang='lat' dir='ltr'>nec</span> <span class='ocrx_word' id='word_1_204' title='bbox 714 2491 874 2542; x_wconf 90' lang='lat' dir='ltr'>semel</span> <span class='ocrx_word' id='word_1_205' title='bbox 912 2490 1030 2542; x_wconf 90' lang='lat' dir='ltr'>inde</span> <span class='ocrx_word' id='word_1_206' title='bbox 1070 2507 1223 2542; x_wconf 89' lang='lat' dir='ltr'>suum</span> <span class='ocrx_word' id='word_1_207' title='bbox 1261 2490 1520 2542; x_wconf 85' lang='lat' dir='ltr'>redditum</span> <span class='ocrx_word' id='word_1_208' title='bbox 1562 2507 1674 2543; x_wconf 91' lang='lat' dir='ltr'>esse</span> <span class='ocrx_word' id='word_1_209' title='bbox 1712 2494 1837 2557; x_wconf 86' lang='lat' dir='ltr'>puto</span> <span class='ocrx_word' id='word_1_210' title='bbox 1878 2492 2075 2543; x_wconf 83' lang='lat' dir='ltr'>Tertul-</span> 
     </span>
     <span class='ocr_line' id='line_1_27' title="bbox 203 2578 2079 2646; baseline 0.001 -16"><span class='ocrx_word' id='word_1_211' title='bbox 203 2580 358 2631; x_wconf 90' lang='lat' dir='ltr'>liano.</span> <span class='ocrx_word' id='word_1_212' title='bbox 405 2579 455 2629; x_wconf 90' lang='lat' dir='ltr'>in</span> <span class='ocrx_word' id='word_1_213' title='bbox 498 2578 570 2629; x_wconf 92' lang='lat' dir='ltr'>eis</span> <span class='ocrx_word' id='word_1_214' title='bbox 604 2581 776 2630; x_wconf 88' lang='lat' dir='ltr'>autem</span> <span class='ocrx_word' id='word_1_215' title='bbox 808 2578 972 2642; x_wconf 89' lang='lat' dir='ltr'>libris,</span> <span class='ocrx_word' id='word_1_216' title='bbox 1015 2595 1142 2645; x_wconf 90' lang='lat' dir='ltr'>quos</span> <span class='ocrx_word' id='word_1_217' title='bbox 1177 2594 1234 2629; x_wconf 83' lang='lat' dir='ltr'>ex</span> <span class='ocrx_word' id='word_1_218' title='bbox 1266 2579 1391 2630; x_wconf 90' lang='lat' dir='ltr'>solis</span> <span class='ocrx_word' id='word_1_219' title='bbox 1424 2579 1883 2646; x_wconf 87' lang='lat' dir='ltr'>Hirsaugiensibus</span> <span class='ocrx_word' id='word_1_220' title='bbox 1917 2579 2079 2631; x_wconf 88' lang='lat' dir='ltr'>edidit</span> 
     </span>
     <span class='ocr_line' id='line_1_28' title="bbox 205 2666 2074 2728; baseline -0.001 -10"><span class='ocrx_word' id='word_1_221' title='bbox 205 2667 497 2728; x_wconf 85' lang='lat' dir='ltr'>Rhenanus,</span> <span class='ocrx_word' id='word_1_222' title='bbox 548 2666 684 2717; x_wconf 90' lang='lat' dir='ltr'>sicut</span> <span class='ocrx_word' id='word_1_223' title='bbox 722 2666 771 2716; x_wconf 90' lang='lat' dir='ltr'>in</span> <span class='ocrx_word' id='word_1_224' title='bbox 813 2667 910 2717; x_wconf 88' lang='lat' dir='ltr'>hoc</span> <span class='ocrx_word' id='word_1_225' title='bbox 948 2666 1212 2717; x_wconf 88' lang='lat' dir='ltr'>uolumine</span> <span class='ocrx_word' id='word_1_226' title='bbox 1250 2666 1411 2718; x_wconf 90' lang='lat' dir='ltr'>libros</span> <span class='ocrx_word' id='word_1_227' title='bbox 1451 2666 1697 2718; x_wconf 71' lang='lat' dir='ltr'>aduersus</span> <span class='ocrx_word' id='word_1_228' title='bbox 1733 2666 2074 2727; x_wconf 71' lang='lat' dir='ltr'>Marcionem,</span> 
     </span>
     <span class='ocr_line' id='line_1_29' title="bbox 207 2754 2073 2820; baseline -0.001 -13"><span class='ocrx_word' id='word_1_229' title='bbox 207 2771 322 2807; x_wconf 91' lang='lat' dir='ltr'>cum</span> <span class='ocrx_word' id='word_1_230' title='bbox 364 2770 462 2806; x_wconf 89' lang='lat' dir='ltr'>non</span> <span class='ocrx_word' id='word_1_231' title='bbox 505 2754 829 2806; x_wconf 86' lang='lat' dir='ltr'>adnotauerit</span> <span class='ocrx_word' id='word_1_232' title='bbox 866 2754 1075 2820; x_wconf 86' lang='lat' dir='ltr'>ubique,</span> <span class='ocrx_word' id='word_1_233' title='bbox 1123 2755 1213 2806; x_wconf 89' lang='lat' dir='ltr'>ubi</span> <span class='ocrx_word' id='word_1_234' title='bbox 1254 2755 1457 2806; x_wconf 90' lang='lat' dir='ltr'>codices</span> <span class='ocrx_word' id='word_1_235' title='bbox 1497 2754 1586 2806; x_wconf 91' lang='lat' dir='ltr'>ubi</span> <span class='ocrx_word' id='word_1_236' title='bbox 1625 2754 1874 2806; x_wconf 87' lang='lat' dir='ltr'>iudicium</span> <span class='ocrx_word' id='word_1_237' title='bbox 1923 2771 2073 2806; x_wconf 87' lang='lat' dir='ltr'>suum</span> 
     </span>
    </p>
   </div>
   <div class='ocr_carea' id='block_1_3' title="bbox 206 2915 2074 3482">
    <p class='ocr_par' dir='ltr' id='par_1_5' title="bbox 282 2915 1637 2982">
     <span class='ocr_line' id='line_1_30' title="bbox 282 2915 1637 2982; baseline 0 -13"><span class='ocrx_word' id='word_1_238' title='bbox 282 2927 310 2981; x_wconf 86' lang='grc'>1)</span> <span class='ocrx_word' id='word_1_239' title='bbox 344 2926 396 2969; x_wconf 86' lang='lat' dir='ltr'>cf.</span> <span class='ocrx_word' id='word_1_240' title='bbox 428 2925 517 2969; x_wconf 80' lang='lat' dir='ltr'>Dic</span> <span class='ocrx_word' id='word_1_241' title='bbox 554 2915 1177 2982; x_wconf 70' lang='lat' dir='ltr'>Tertullian-U&#39;berlieferuny</span> <span class='ocrx_word' id='word_1_242' title='bbox 1206 2927 1258 2969; x_wconf 74' lang='lat' dir='ltr'>in</span> <span class='ocrx_word' id='word_1_243' title='bbox 1289 2926 1462 2969; x_wconf 74' lang='lat' dir='ltr'>Italien</span> <span class='ocrx_word' id='word_1_244' title='bbox 1493 2940 1535 2982; x_wconf 90' lang='lat' dir='ltr'>p.</span> <span class='ocrx_word' id='word_1_245' title='bbox 1571 2927 1637 2970; x_wconf 83' lang='lat'>13.</span> 
     </span>
    </p>

    <p class='ocr_par' dir='ltr' id='par_1_6' title="bbox 281 2998 1135 3056">
     <span class='ocr_line' id='line_1_31' title="bbox 281 2998 1135 3056; baseline 0 -14"><span class='ocrx_word' id='word_1_246' title='bbox 281 2999 312 3054; x_wconf 83' lang='lat'>2)</span> <span class='ocrx_word' id='word_1_247' title='bbox 343 2998 572 3042; x_wconf 79' lang='lat' dir='ltr'>Kritische</span> <span class='ocrx_word' id='word_1_248' title='bbox 610 2999 902 3043; x_wconf 77' lang='lat' dir='ltr'>Vorarbeiten</span> <span class='ocrx_word' id='word_1_249' title='bbox 931 3014 972 3056; x_wconf 90' lang='lat' dir='ltr'>p.</span> <span class='ocrx_word' id='word_1_250' title='bbox 1007 3000 1135 3042; x_wconf 82' lang='lat'>6—7.</span> 
     </span>
    </p>

    <p class='ocr_par' dir='ltr' id='par_1_7' title="bbox 206 3072 2074 3482">
     <span class='ocr_line' id='line_1_32' title="bbox 280 3072 2073 3129; baseline 0 -14"><span class='ocrx_word' id='word_1_251' title='bbox 280 3073 311 3128; x_wconf 85' lang='lat'>³)</span> <span class='ocrx_word' id='word_1_252' title='bbox 345 3073 486 3125; x_wconf 80' lang='lat' dir='ltr'>Quam</span> <span class='ocrx_word' id='word_1_253' title='bbox 524 3072 610 3116; x_wconf 90' lang='lat' dir='ltr'>feci</span> <span class='ocrx_word' id='word_1_254' title='bbox 647 3073 777 3116; x_wconf 84' lang='lat' dir='ltr'>huius</span> <span class='ocrx_word' id='word_1_255' title='bbox 817 3073 978 3117; x_wconf 86' lang='lat' dir='ltr'>codicis</span> <span class='ocrx_word' id='word_1_256' title='bbox 1019 3073 1299 3117; x_wconf 88' lang='lat' dir='ltr'>collationem</span> <span class='ocrx_word' id='word_1_257' title='bbox 1338 3073 1511 3128; x_wconf 87' lang='lat' dir='ltr'>plenam</span> <span class='ocrx_word' id='word_1_258' title='bbox 1551 3076 1596 3115; x_wconf 88' lang='lat' dir='ltr'>et</span> <span class='ocrx_word' id='word_1_259' title='bbox 1633 3074 1851 3129; x_wconf 88' lang='lat' dir='ltr'>integram</span> <span class='ocrx_word' id='word_1_260' title='bbox 1882 3087 1967 3116; x_wconf 88' lang='lat' dir='ltr'>non</span> <span class='ocrx_word' id='word_1_261' title='bbox 2004 3086 2073 3116; x_wconf 84' lang='lat' dir='ltr'>ex-</span> 
     </span>
     <span class='ocr_line' id='line_1_33' title="bbox 207 3145 2074 3204; baseline -0.001 -15"><span class='ocrx_word' id='word_1_262' title='bbox 207 3146 347 3204; x_wconf 85' lang='lat' dir='ltr'>pressi</span> <span class='ocrx_word' id='word_1_263' title='bbox 378 3146 463 3189; x_wconf 90' lang='lat' dir='ltr'>nisi</span> <span class='ocrx_word' id='word_1_264' title='bbox 496 3146 550 3188; x_wconf 91' lang='lat' dir='ltr'>ad</span> <span class='ocrx_word' id='word_1_265' title='bbox 581 3145 740 3189; x_wconf 90' lang='lat' dir='ltr'>librum</span> <span class='ocrx_word' id='word_1_266' title='bbox 775 3146 828 3189; x_wconf 81' lang='lat' dir='ltr'>de</span> <span class='ocrx_word' id='word_1_267' title='bbox 853 3147 1100 3202; x_wconf 74' lang='lat' dir='ltr'>patientia,</span> <span class='ocrx_word' id='word_1_268' title='bbox 1125 3149 1176 3188; x_wconf 90' lang='lat' dir='ltr'>ut</span> <span class='ocrx_word' id='word_1_269' title='bbox 1198 3146 1341 3203; x_wconf 87' lang='lat' dir='ltr'>qualis</span> <span class='ocrx_word' id='word_1_270' title='bbox 1376 3147 1468 3189; x_wconf 91' lang='lat' dir='ltr'>eius</span> <span class='ocrx_word' id='word_1_271' title='bbox 1502 3147 1561 3189; x_wconf 88' lang='lat' dir='ltr'>sit</span> <span class='ocrx_word' id='word_1_272' title='bbox 1584 3145 1782 3189; x_wconf 88' lang='lat' dir='ltr'>condicio</span> <span class='ocrx_word' id='word_1_273' title='bbox 1806 3146 1909 3189; x_wconf 89' lang='lat' dir='ltr'>inde</span> <span class='ocrx_word' id='word_1_274' title='bbox 1935 3146 2074 3202; x_wconf 91' lang='lat' dir='ltr'>possit</span> 
     </span>
     <span class='ocr_line' id='line_1_34' title="bbox 210 3219 2072 3276; baseline -0.001 -13"><span class='ocrx_word' id='word_1_275' title='bbox 210 3220 417 3275; x_wconf 84' lang='lat' dir='ltr'>cognosci</span> <span class='ocrx_word' id='word_1_276' title='bbox 427 3236 438 3271; x_wconf 90' lang='lat'>;</span> <span class='ocrx_word' id='word_1_277' title='bbox 473 3221 682 3274; x_wconf 73' lang='lat' dir='ltr'>ceterum,</span> <span class='ocrx_word' id='word_1_278' title='bbox 712 3233 768 3262; x_wconf 91' lang='lat' dir='ltr'>ne</span> <span class='ocrx_word' id='word_1_279' title='bbox 791 3219 941 3262; x_wconf 87' lang='lat' dir='ltr'>inutili</span> <span class='ocrx_word' id='word_1_280' title='bbox 969 3225 1014 3262; x_wconf 89' lang='lat' dir='ltr'>et</span> <span class='ocrx_word' id='word_1_281' title='bbox 1033 3220 1220 3263; x_wconf 86' lang='lat' dir='ltr'>molesta</span> <span class='ocrx_word' id='word_1_282' title='bbox 1246 3219 1519 3263; x_wconf 83' lang='lat' dir='ltr'>abundantia</span> <span class='ocrx_word' id='word_1_283' title='bbox 1550 3226 1805 3262; x_wconf 85' lang='lat' dir='ltr'>oneraretur</span> <span class='ocrx_word' id='word_1_284' title='bbox 1836 3222 2072 3276; x_wconf 86' lang='lat' dir='ltr'>apparatus</span> 
     </span>
     <span class='ocr_line' id='line_1_35' title="bbox 210 3291 2073 3349; baseline -0.001 -13"><span class='ocrx_word' id='word_1_285' title='bbox 210 3293 401 3344; x_wconf 86' lang='lat' dir='ltr'>criticus,</span> <span class='ocrx_word' id='word_1_286' title='bbox 433 3293 478 3335; x_wconf 89' lang='lat' dir='ltr'>in</span> <span class='ocrx_word' id='word_1_287' title='bbox 511 3292 718 3336; x_wconf 84' lang='lat' dir='ltr'>notandis</span> <span class='ocrx_word' id='word_1_288' title='bbox 749 3293 886 3336; x_wconf 84' lang='lat' dir='ltr'>uariis</span> <span class='ocrx_word' id='word_1_289' title='bbox 919 3294 1011 3336; x_wconf 86' lang='lat' dir='ltr'>eius</span> <span class='ocrx_word' id='word_1_290' title='bbox 1042 3293 1308 3336; x_wconf 87' lang='lat' dir='ltr'>lectionibus</span> <span class='ocrx_word' id='word_1_291' title='bbox 1348 3293 1521 3349; x_wconf 86' lang='lat' dir='ltr'>parcior</span> <span class='ocrx_word' id='word_1_292' title='bbox 1559 3306 1689 3348; x_wconf 88' lang='lat' dir='ltr'>quam</span> <span class='ocrx_word' id='word_1_293' title='bbox 1727 3291 1946 3348; x_wconf 87' lang='lat' dir='ltr'>profusior</span> <span class='ocrx_word' id='word_1_294' title='bbox 1979 3305 2073 3335; x_wconf 86' lang='lat' dir='ltr'>esse</span> 
     </span>
     <span class='ocr_line' id='line_1_36' title="bbox 208 3365 2072 3422; baseline -0.001 -13"><span class='ocrx_word' id='word_1_295' title='bbox 208 3366 358 3417; x_wconf 85' lang='lat' dir='ltr'>malui,</span> <span class='ocrx_word' id='word_1_296' title='bbox 395 3365 610 3421; x_wconf 89' lang='lat' dir='ltr'>imprimis</span> <span class='ocrx_word' id='word_1_297' title='bbox 649 3367 695 3408; x_wconf 91' lang='lat' dir='ltr'>in</span> <span class='ocrx_word' id='word_1_298' title='bbox 735 3369 889 3421; x_wconf 87' lang='lat' dir='ltr'>quarto</span> <span class='ocrx_word' id='word_1_299' title='bbox 924 3369 968 3409; x_wconf 86' lang='lat' dir='ltr'>et</span> <span class='ocrx_word' id='word_1_300' title='bbox 1007 3366 1160 3422; x_wconf 88' lang='lat' dir='ltr'>quinto</span> <span class='ocrx_word' id='word_1_301' title='bbox 1203 3366 1421 3409; x_wconf 80' lang='lat' dir='ltr'>aduersus</span> <span class='ocrx_word' id='word_1_302' title='bbox 1451 3365 1731 3409; x_wconf 77' lang='lat' dir='ltr'>Marcionem</span> <span class='ocrx_word' id='word_1_303' title='bbox 1761 3365 1887 3420; x_wconf 89' lang='lat' dir='ltr'>libro,</span> <span class='ocrx_word' id='word_1_304' title='bbox 1920 3365 1995 3407; x_wconf 89' lang='lat' dir='ltr'>ubi</span> <span class='ocrx_word' id='word_1_305' title='bbox 2028 3367 2072 3407; x_wconf 89' lang='lat' dir='ltr'>et</span> 
     </span>
     <span class='ocr_line' id='line_1_37' title="bbox 206 3438 791 3482; baseline -0.002 0"><span class='ocrx_word' id='word_1_306' title='bbox 206 3439 390 3482; x_wconf 82' lang='lat' dir='ltr'>lacunas</span> <span class='ocrx_word' id='word_1_307' title='bbox 422 3438 633 3482; x_wconf 86' lang='lat' dir='ltr'>adnotare</span> <span class='ocrx_word' id='word_1_308' title='bbox 666 3438 791 3482; x_wconf 82' lang='lat' dir='ltr'>desii.</span> 
     </span>
    </p>
   </div>
  </div>
 </body>
</html>
