2248 3646
197 160 260 207 10
557 155 747 207 Quinti
780 155 1011 211 Septimi
1043 156 1321 199 Florentis
1354 156 1688 200 Tertulliani

191 333 470 382 numquam
496 333 594 368 non
619 333 710 382 per
732 317 1106 384 impatientiam
1134 317 1474 383 delinquendo
1508 318 1623 385 <per
1660 319 2060 387 impatientiam>

190 404 463 470 perierunt.
520 405 776 470 quomodo
832 408 1005 456 autem
1050 421 1232 455 manus
1287 406 1552 471 prophetis
1605 406 1907 468 intulerunt,
1963 408 2061 458 nisi

188 508 276 556 per
329 493 705 557 impatientiam
761 492 1036 543 audiendi?
1101 492 1305 543 domino
1362 495 1534 543 autem
1580 494 1712 559 ipsc,
1760 510 1849 560 per
1901 495 2060 561 impa-

188 580 421 630 tientiam
478 580 633 631 etiam
687 580 915 631 uidendi.
981 580 1168 646 quodsi.
1222 580 1525 647 patientiam
1579 581 1816 644 inissent,
1878 582 2060 633 libera-

187 671 376 718 rentur.

262 757 309 807 6.
364 756 484 822 lpsa
531 755 656 806 adeo
706 758 800 817 est,
858 771 987 820 quae
1034 754 1188 805 fidem
1236 757 1286 805 et
1326 755 1663 820 subsequitur
1703 758 1752 806 et
1792 756 2062 808 antecedit.

189 843 406 908 denique
445 842 701 893 Abraham
757 841 849 892 deo
907 842 1125 892 credidit
1174 843 1225 892 et
1269 841 1502 892 iustitiae
1550 842 1829 907 deputatus
1871 844 1931 895 ab
1970 844 2060 894 illo

189 934 287 990 est,
346 930 438 981 sed
482 930 635 980 fidem
686 930 796 980 eius
838 929 1087 995 patientia
1124 929 1380 995 probauit,
1438 945 1554 980 cum
1593 930 1756 981 filium
1797 932 2061 982 immolare

186 1020 360 1069 iussus
424 1018 487 1068 ad
548 1018 681 1080 fidei,
753 1034 851 1068 non
912 1018 1306 1083 temptationem
1378 1017 1607 1079 dixerim,
1679 1019 1768 1069 sed
1837 1020 2060 1085 typicam

187 1106 633 1168 contestationem,
689 1135 759 1141 -—
815 1108 1041 1156 ceterum
1098 1105 1222 1156 deus
1279 1121 1431 1170 quem
1477 1105 1710 1156 iustitiae
1760 1107 2062 1172 deputasset

188 1194 383 1244 sciebat
436 1225 505 1230 —-—
559 1196 666 1244 tam
715 1209 869 1260 graue
918 1197 1267 1259 praeceptum,
1326 1193 1462 1259 quod
1509 1210 1599 1245 nec
1642 1194 1847 1244 domino
1888 1194 2062 1259 perfici

187 1281 439 1347 placebat,
479 1282 735 1346 patienter
775 1284 825 1332 et
866 1281 1068 1332 audiuit
1108 1284 1173 1341 et,
1216 1282 1260 1332 si
1301 1282 1426 1332 deus
1459 1282 1733 1342 uoluisset,
1774 1283 2061 1348 implesset.

189 1370 371 1419 merito
428 1385 547 1436 ergo
595 1369 917 1432 benedictus,
976 1369 1095 1434 quia
1142 1371 1192 1420 et
1230 1369 1422 1430 fidelis3
1480 1370 1662 1420 meri-to
1703 1370 1888 1431 fideliS,
1946 1370 2064 1436 quia

190 1460 239 1507 et
291 1457 510 1522 patiens.
565 1457 640 1508 ita
692 1457 820 1509 fides
876 1457 1125 1523 patientia
1177 1457 1501 1520 inluminata,
1559 1474 1677 1508 cum
1731 1458 1782 1508 in
1831 1458 2061 1510 nationes

189 1546 525 1595 seminaretur
556 1562 645 1611 per
678 1561 852 1596 semen
885 1546 1137 1608 Abrahae,
1180 1545 1316 1610 quod
1350 1547 1429 1596 est
1462 1545 1717 1609 Christus,
1760 1548 1812 1596 et
1844 1547 2060 1613 gratiam

186 1632 289 1699 legi
329 1633 712 1697 superduceret,
754 1633 1074 1698 ampliandae
1116 1633 1573 1699 adimplendaeque
1614 1634 1719 1700 legi
1759 1634 2061 1684 adiutricem

189 1736 333 1771 suam
388 1721 688 1785 patientiam
743 1721 1004 1787 praefecit,
1070 1720 1206 1785 quod
1269 1736 1326 1772 ea
1383 1721 1493 1772 sola
1552 1721 1614 1771 ad
1662 1721 1892 1772 iustitiae
1947 1722 2062 1772 doc-

186 1809 370 1859 trinam
422 1812 556 1860 retro
613 1809 880 1860 defuisset.
937 1825 1053 1859 nam
1110 1809 1232 1860 olim
1288 1811 1338 1860 et
1393 1809 1602 1860 oculum
1656 1824 1746 1875 pro
1807 1810 1954 1860 oculo
2012 1812 2062 1860 et

190 1896 392 1946 dentem
432 1914 521 1962 pro
563 1897 713 1948 dente
753 1897 1052 1964 repetebant
1093 1900 1144 1948 et
1182 1897 1377 1948 malum
1417 1899 1553 1948 malo
1586 1897 1901 1948 fenerabant.
1941 1913 2062 1949 non-

188 1985 310 2034 dum
352 1985 486 2035 enim
528 1985 778 2051 patientia
816 1987 865 2036 in
906 1985 1073 2047 terriS,
1125 1986 1246 2051 quia
1285 2001 1378 2036 nec
1418 1985 1561 2036 fides.
1616 1985 1816 2036 scilicet
1854 1985 2060 2036 interim

186 2072 511 2136 impatientia
558 2073 913 2124 occasionibus
960 2074 1091 2141 legis
1147 2073 1427 2123 fruebatur.
1483 2073 1632 2124 facile
1689 2075 1796 2124 erat
1851 2073 2061 2124 absente

187 2160 391 2210 domino
446 2160 725 2226 patientiae
782 2164 832 2211 et
885 2161 1147 2228 magistro.
1205 2161 1292 2226 qui
1345 2163 1623 2227 postquam
1672 2160 1972 2226 superuenit
2011 2166 2062 2211 et

189 2250 403 2314 gratiam
457 2249 576 2299 fidei
637 2249 884 2316 patientia
946 2249 1256 2315 composuit,
1318 2250 1422 2300 iam
1483 2265 1574 2300 nec
1637 2249 1795 2300 uerbo
1852 2249 2058 2314 quidem

335 2477 373 2532 7]
410 2478 462 2520 of.
496 2477 603 2520 Gen.
638 2478 703 2528 15,
737 2479 776 2520 6.
871 2479 938 2534 13]
975 2478 1028 2521 cf.
1057 2478 1165 2521 Gen.
1193 2480 1261 2534 22,
1293 2479 1357 2521 17.
1388 2479 1454 2521 18.
1550 2479 1618 2534 18]
1648 2480 1699 2521 cf.
1726 2479 1867 2522 Exod.
1894 2482 1963 2533 21,
1989 2482 2056 2522 24.

249 2637 267 2677 1
306 2650 380 2691 per
410 2638 731 2692 impatientiam
766 2638 928 2680 addidi
959 2640 1055 2691 (hoc
1087 2640 1201 2680 enim
1226 2639 1368 2682 dicere
1390 2641 1493 2682 uult
1518 2647 1696 2683 auctor:
1730 2641 1837 2694 quia
1862 2642 2058 2684 oom‘zizmz-

190 2711 450 2752 delia-torma
481 2724 622 2752 causa
643 2712 744 2764 fuit
773 2711 1075 2767 impatientia,
1109 2713 1260 2754 eadem
1293 2719 1333 2755 et
1356 2727 1496 2755 causa
1516 2715 1618 2767 fuit
1646 2715 1869 2767 interitus)
1932 2715 1956 2755 2
1982 2714 2053 2756 de-

191 2784 275 2824 lere
314 2784 417 2825 olim
456 2784 585 2825 ποῖαί
624 2790 674 2826 ut
720 2786 878 2838 spuria
924 2785 1063 2826 uerba
1118 2785 1335 2839 quomodo
1385 2788 1727 2828 autem—etiam
1774 2786 1967 2837 uidendi,
2006 2791 2057 2829 ut

190 2870 302 2909 quae
338 2858 568 2911 refrayarz'
604 2858 851 2900 uideantur
892 2859 966 2912 eis,
1009 2873 1122 2912 quae
1159 2872 1301 2913 supra
1340 2859 1448 2901 delcit
1480 2865 1658 2903 auctor:
1689 2873 1742 2901 ne
1774 2875 1851 2915 per
1882 2861 2056 2916 singula

191 2943 489 2984 peruagemur.
523 2930 602 2972 sed
632 2932 1080 2974 animaduertendum
1105 2936 1166 2974 est
1191 2933 1279 2975 duo
1306 2933 1376 2974 hic
1397 2933 1653 2986 patientiae
1680 2947 1844 2988 qen-era
1869 2933 1923 2974 ab
1950 2947 2053 2975 auc-

190 3008 280 3044 tore
320 3003 549 3058 distinqui,
590 3005 893 3058 subsequentis
929 3005 1096 3047 scilicet
1133 3006 1265 3058 fidem
1304 3010 1344 3047 et
1383 3006 1680 3048 antecedentis
1721 3006 1795 3061 (cf.
1837 3008 1864 3049 Z.
1909 3010 1965 3061 6).
2004 3012 2056 3050 ut

192 3081 336 3118 autem
367 3091 508 3131 supra
539 3078 839 3132 subsequentis
864 3080 1118 3133 patientiae
1147 3081 1349 3135 eaeempla
1373 3082 1683 3134 proferuntur,
1723 3081 1792 3122 ita
1829 3081 1900 3123 hic
1931 3085 2053 3122 ante-

190 3151 380 3193 cedentis
449 3154 472 3193 3
497 3152 592 3206 ipso
619 3152 780 3202 MNF,
813 3154 897 3208 ipsi
923 3154 1114 3209 Puulgyo
1184 3155 1208 3196 9
1232 3155 1377 3196 iussus
1402 3154 1562 3209 MNF,
1596 3154 1738 3195 iussus
1772 3158 1839 3196 est
1861 3155 2052 3210 Puulyo

195 3225 244 3266 lo
268 3224 564 3278 parenthesin
594 3226 827 3268 indicaui:
864 3229 1248 3270 contestationem.
1284 3231 1473 3270 ceterum
1509 3227 1640 3270 deus.
1662 3262 1670 3270 .
1692 3263 1699 3269 .
1721 3228 1929 3270 .sciebat.
1960 3231 2051 3270 tam

189 3298 322 3352 uuzyo
399 3299 452 3340 12
478 3300 715 3354 amplesset
745 3300 792 3342 F
866 3302 918 3344 15
949 3315 1027 3357 per
1058 3303 1257 3344 sanctum
1289 3301 1477 3343 abrahae
1508 3301 1556 3342 14Ἴ
1631 3303 1681 3344 16
1714 3302 1977 3344 aductricem
2010 3301 2057 3343 F

193 3371 242 3411 17
271 3371 529 3425 sapientiam
547 3372 591 3413 P
607 3373 674 3424 (in
689 3386 770 3427 my.
790 3374 1050 3428 patientiam
1070 3388 1178 3416 corr.
1196 3375 1239 3416 R
1266 3389 1316 3416 ex
1332 3375 1670 3429 Hirsauyiensi)
1751 3374 1801 3416 18
1822 3377 1865 3416 et
1881 3374 1983 3416 olim
2008 3374 2055 3416 F

2096 1130 2136 1161 10

2097 1573 2135 1604 15

2092 2011 2134 2042 20
