2248 3646
553 287 648 328 VII.
679 288 937 328 Aduersus
970 286 1279 327 Marcionem
1311 285 1384 327 lib.
1414 285 1481 326 111
1511 287 1632 327 3—5.
1892 288 1988 337 381

197 443 404 491 alterum
431 440 590 509 [uero]
617 443 715 491 iam
741 443 926 492 dudum
955 442 1189 491 debuerat
1211 442 1488 491 traduxisse
1520 443 1729 490 alterum
1759 441 1993 500 nondum,

195 544 253 577 ne
283 528 425 576 iilum
460 527 655 590 quidem
695 530 797 576 tam
838 527 922 576 diu
962 528 1265 577 saeuientem
1305 528 1643 586 sustinuisset,
1682 528 1836 576 istum
1875 542 1993 576 uero

196 613 356 662 adhuc
381 613 714 676 quiescentem
746 613 1090 676 inquietasset,
1118 613 1246 661 circa
1277 612 1446 661 ambos
1482 612 1708 661 excidens
1734 612 1792 660 ab
1820 611 1994 675 optimi

197 698 274 746 dei
312 699 476 757 titum,
518 700 645 747 certe
683 698 852 747 uarius
892 702 941 747 et
977 698 1086 760 ipse
1127 701 1176 747 et
1213 697 1447 758 incertuS,
1486 697 1687 760 tepidus
1722 696 1916 745 scilicet
1945 697 1993 744 in

149 803 166 832 5
197 786 464 832 creatorem
519 785 568 832 et
620 783 810 832 calidus
863 784 911 831 in
968 782 1220 833 Christum
1269 785 1318 831 et
1362 797 1520 831 uanus
1565 781 1844 844 utrobique.
1898 797 1992 830 non

126 1228 164 1258 10

125 1652 164 1681 15

124 2077 164 2107 20

122 2503 163 2535 25

194 869 354 932 magis
388 868 515 917 enim
549 869 857 932 compescuit
889 871 1160 918 creatorem
1185 883 1333 931 quam
1357 867 1554 916 obstitit
1578 866 1790 916 Christo.
1831 869 1998 915 manet

196 958 244 1001 et
290 960 492 1014 creator,
542 954 702 1018 qualis
743 954 938 1003 omnino
986 956 1082 1012 est;
1136 956 1304 1002 ueniet
1349 955 1397 1002 et
1443 952 1687 1011 Christus,
1742 952 1901 1015 qualis
1949 954 1997 1000 et

196 1039 441 1088 scribitur.
475 1039 592 1102 quid
616 1039 755 1088 uenit
778 1041 892 1103 post
916 1042 1202 1097 creatorem,
1231 1054 1375 1102 quem
1403 1038 1660 1088 emendare
1684 1053 1776 1087 non
1801 1037 1993 1086 ualuit?

196 1123 314 1186 quid
358 1126 469 1173 ante
518 1124 769 1173 Christum
816 1124 921 1173 eius
967 1124 1218 1173 reuelatus
1273 1127 1363 1173 est.
1418 1139 1565 1187 quem
1617 1138 1848 1172 reuocare
1899 1137 1995 1171 non

195 1211 442 1271 potuerit?
483 1213 568 1258 ant
606 1209 647 1258 si
687 1209 969 1258 emendauit
1002 1212 1287 1266 creatorem,
1322 1210 1435 1272 post
1464 1208 1607 1257 iilum
1639 1208 1906 1267 reuelatuS,
1939 1209 1998 1255 ut

196 1294 499 1343 emendanda
544 1293 907 1357 praecederent.
965 1308 1077 1358 ergo
1118 1295 1167 1342 et
1207 1292 1458 1343 Christum
1498 1293 1604 1341 eius
1645 1306 1797 1356 aeque
1837 1306 1996 1340 emen-

196 1379 399 1427 daturus
439 1382 723 1442 expectasse
763 1378 1015 1439 debuerat,
1055 1378 1256 1441 proinde
1297 1379 1346 1427 et
1382 1378 1520 1426 iliius
1558 1376 1803 1440 posterior
1835 1391 1997 1425 emen-

196 1463 333 1512 dator
371 1464 569 1512 futurus
611 1464 744 1513 sicut
782 1464 1031 1513 creatoris.
1078 1463 1213 1513 aliud
1253 1465 1343 1523 est,
1386 1463 1427 1511 si
1466 1466 1515 1511 et
1551 1463 1657 1525 ipse
1696 1464 1812 1525 p'ost
1851 1461 1994 1510 illum

191 1563 361 1597 rursus
395 1548 641 1605 adueniat,
673 1550 729 1596 ut
762 1548 916 1611 primo
951 1548 1150 1611 quidem
1184 1548 1400 1596 aduentu
1431 1546 1733 1611 processerit
1756 1545 1995 1595 aduersus

196 1635 480 1693 creatorem,
526 1633 687 1697 legem
734 1640 781 1682 et
824 1634 1089 1698 prophetas
1138 1632 1397 1681 destruens
1445 1632 1568 1692 eiuS,
1616 1631 1832 1681 secundo
1878 1647 1995 1680 uero

193 1718 429 1782 procedat
452 1718 691 1767 aduersus
719 1718 990 1779 Christum,
1015 1734 1222 1783 regnum
1247 1718 1547 1782 redarguens
1574 1718 1696 1766 eius
1736 1719 1855 1766 tunc
1881 1732 1995 1782 ergo

194 1804 519 1853 conclusurus
561 1803 776 1852 ordinem
821 1819 984 1862 suurn,
1025 1806 1158 1863 tuno,
1201 1803 1242 1851 si
1281 1803 1423 1862 forte,
1465 1802 1738 1851 credendus
1781 1805 1872 1852 est.
1913 1804 2000 1852 aut

195 1889 236 1938 si
280 1889 378 1937 iam
423 1889 536 1937 hinc
592 1889 810 1953 perfecta
854 1904 930 1937 res
979 1894 1054 1937 est
1100 1889 1223 1949 eius,
1276 1903 1404 1936 nane
1451 1903 1564 1952 ergo
1612 1890 1856 1937 uenturus
1905 1890 1996 1947 est,

193 1974 317 2023 nihil
357 1974 551 2024 scilicet
588 1975 893 2037 peracturus.

266 2063 310 2110 5.
350 2060 442 2109 His
482 2060 776 2124 proluserim
816 2061 959 2123 quasi
999 2060 1055 2109 de
1096 2060 1251 2124 gradu
1289 2061 1446 2123 primo
1487 2059 1648 2108 adhuc
1688 2061 1736 2108 et
1767 2059 1908 2122 quasi
1939 2059 1996 2108 de

190 2147 476 2211 longinquo.
524 2145 610 2194 sed
657 2145 829 2194 exhinc
873 2146 969 2194 iam
1018 2146 1077 2194 ad
1124 2149 1315 2195 certum
1369 2147 1417 2194 et
1470 2145 1747 2194 comminus
1796 2145 1996 2194 dimica-

191 2235 350 2290 turus,
393 2231 536 2280 uideo
577 2231 767 2294 aliquas
815 2232 1095 2280 etiamnunc
1140 2231 1297 2280 lineas
1343 2229 1734 2293 praeducendas,
1775 2230 1836 2279 ad
1875 2246 1996 2294 quas

193 2317 285 2366 erit
337 2316 689 2375 dimicandum,
745 2316 805 2365 ad
858 2317 1127 2379 scripturas
1183 2316 1376 2366 scilicet
1421 2315 1670 2365 creatoris
1725 2316 1996 2365 secundum

193 2417 273 2450 eas
329 2402 456 2450 enim
513 2402 807 2465 probaturus
869 2401 1124 2451 Christum
1186 2401 1419 2451 creatoris
1479 2400 1649 2460 fuisse,
1707 2403 1765 2449 ut
1824 2403 1999 2464 postea

195 2485 388 2536 Christo
423 2502 512 2536 suo
546 2487 857 2551 adimpletas
890 2502 1094 2536 necesse
1125 2486 1281 2535 habeo
1314 2487 1532 2550 ipsarum
1567 2501 1761 2549 quoque
1789 2487 1997 2549 scriptu-

190 2587 354 2621 rarum
392 2572 600 2621 formam
635 2574 697 2632 et,
737 2574 793 2620 ut
822 2573 891 2621 ita
923 2572 1142 2632 dixerim,
1181 2574 1408 2620 naturam
1441 2571 1748 2632 demandare,
1788 2586 1846 2620 ne
1879 2574 1996 2620 tunc

191 2657 238 2705 in
278 2659 667 2707 controuersiam
708 2657 964 2717 deductae,
1008 2672 1119 2706 cnm
1159 2657 1456 2706 adhibentur
1495 2656 1554 2705 ad
1595 2671 1786 2717 causas,
1828 2659 1877 2706 et
1908 2672 1998 2705 sua

193 2746 241 2792 et
264 2757 522 2792 causarum
550 2743 828 2792 defensione
856 2743 1122 2792 commixta
1142 2742 1994 2792 obtundantlectorisintentionem.

249 2965 282 3005 1‘
302 2977 401 3006 uero
430 2966 608 3006 seclusi:
643 2966 821 3006 alterum
855 2978 974 3019 ergo
1006 2966 1106 3018 Ena
1223 2966 1247 3006 2
1279 2965 1555 3005 sustinuisset
1584 2964 1708 3016 Ewy:
1743 2965 1995 3005 sustinuisse

190 3035 286 3076 MR
373 3037 397 3077 3
443 3036 727 3089 inquietasset
763 3036 870 3083 MR
917 3037 1179 3090 inquietasse
1225 3036 1414 3088 Ruulyo
1502 3035 1526 3076 8
1566 3039 1798 3076 creatorem
1837 3048 1914 3076 om.
1954 3036 2001 3076 F

191 3098 224 3146 9'
238 3107 449 3147 reuelatus
474 3107 529 3158 R,
554 3107 787 3148 reuelatum
807 3107 906 3147 MF
992 3108 1042 3148 10
1060 3107 1275 3148 reuelatus
1292 3106 1401 3158 MR,
1421 3106 1635 3147 reuelatus
1655 3108 1718 3146 est
1733 3106 1821 3160 Riy
1836 3106 1994 3159 (nescio

190 3177 320 3229 unde)
357 3176 559 3219 Oehlerus
674 3179 720 3219 11
754 3178 1069 3231 praecederent.
1111 3191 1211 3230 ergo
1242 3177 1328 3231 Ray
1350 3176 1553 3218 Oehlerm
1653 3176 1706 3217 ‘20
1743 3177 2018 3229 proluserim

192 3247 299 3295 MF,
331 3249 604 3302 praeluserim
626 3249 667 3290 R
768 3249 818 3290 21
855 3249 1002 3290 exhinc
1034 3249 1116 3289 iam
1147 3250 1323 3300 scripsi:
1352 3251 1397 3288 et
1426 3247 1525 3288 hinc
1555 3248 1637 3287 iam
1671 3246 1767 3288 MR
1883 3261 1994 3289 com—

191 3318 329 3359 minus
360 3318 424 3372 M,
458 3321 690 3360 communis
714 3319 768 3368 F,
801 3321 987 3360 cominus
1013 3320 1055 3360 R
1129 3321 1182 3360 ‘34
1213 3322 1260 3359 ut
1290 3321 1439 3372 postea
1469 3320 1555 3371 <a>
1585 3317 1755 3359 Christo
1787 3332 1860 3359 suo
1891 3319 1992 3370 fort.

191 3389 244 3430 28
276 3390 499 3431 commixta
527 3391 701 3443 scripsi:
733 3391 980 3431 commixtae
1011 3390 1108 3431 MR
