2248 3646
188 239 293 289 380
566 234 754 286 Quinti
791 234 1020 289 Septimi
1054 234 1329 276 Florentis
1363 234 1699 277 Tertulliani

183 412 320 447 noua
368 395 584 455 scilicet,
641 393 847 444 facilius
899 393 1221 443 crederemus
1272 395 1423 444 etiam
1473 410 1608 445 noua
1648 395 1878 446 eiusdem
1929 413 2056 460 esse,

186 485 334 534 cuius
370 486 419 533 et
454 487 646 542 uetera,
690 497 841 547 quam
877 481 1026 531 cuius
1061 481 1418 531 tantummodo
1454 498 1603 542 noua,
1640 483 1840 549 egentia
1873 485 2058 550 experi-

185 571 376 621 mentis
433 570 552 619 fidei
606 568 839 620 uictricis
886 568 1196 629 uetustatis,
1250 570 1309 618 ut
1364 569 1437 619 sic
1487 586 1690 636 quoque
1736 571 2059 637 praedicatus

186 660 360 709 uenire
402 657 637 708 debuerit
675 658 778 706 tani
823 655 1293 720 praedicationibus
1334 655 1552 722 propriis
1595 659 1974 710 exstruentibus
2016 661 2062 710 ei

183 747 338 797 fidem
380 761 530 811 quam
575 747 626 795 et
664 744 966 804 uirtutibus5
1009 743 1312 809 praesertim
1346 744 1596 795 aduersus
1633 745 1895 797 Christum
1929 763 2061 798 crea-

184 836 311 885 toris
359 836 611 884 uenturus
663 835 713 883 et
761 832 922 899 signis
974 834 1023 882 et
1078 831 1363 898 prophetiis
1411 833 1631 897 propriis
1677 835 1950 895 munitum,
2005 839 2064 885 ut

186 923 422 972 aemulus
467 919 660 971 Christi
697 935 788 985 per
829 935 1006 970 omnes
1039 919 1402 970 diuersitatum
1438 921 1634 984 species
1667 923 1935 972 1611166161.
1976 923 2065 972 sed

187 1009 444 1071 (11101110ᾶο
487 1025 515 1059 a
556 1009 648 1059 deo
690 1023 972 1072 numquam
1004 1006 1297 1072 praedicato
1334 1006 1572 1058 Christus
1609 1009 1718 1060 eius
1751 1009 2063 1075 praedicare-

185 1101 304 1149 tur?
343 1098 440 1148 hoc
475 1099 555 1147 est
588 1112 725 1163 ergo,
763 1095 899 1161 quod
940 1095 1130 1163 exigis:
1174 1110 1266 1145 nec
1301 1095 1454 1146 deum
1487 1112 1578 1147 nec
1613 1096 1876 1148 Christum
1915 1101 2063 1148 tuum

187 1185 341 1236 credi.
377 1185 497 1250 quia
531 1187 581 1235 et
613 1184 738 1234 deus
772 1184 983 1250 ignotus
1019 1199 1131 1233 esse
1166 1198 1264 1233 non
1300 1183 1479 1234 debuit
1511 1186 1561 1234 et
1589 1182 1823 1235 Christus
1852 1186 2062 1252 agnosci

185 1289 274 1340 per
316 1274 469 1324 deum
511 1273 706 1324 debuit.

260 1364 308 1413 4.
357 1362 701 1428 Dedignatuse
755 1361 946 1426 opinor,
1001 1362 1081 1410 est
1126 1360 1319 1410 imitari
1368 1360 1596 1411 ordinem
1647 1361 1727 1411 dei
1776 1361 1951 1419 nostri,
2006 1364 2065 1412 ut

187 1449 530 1516 displicentis²
588 1451 649 1499 ut
695 1465 809 1499 cum
860 1449 1079 1498 maxime
1126 1448 1436 1499 reuincendi.
1492 1464 1656 1499 nouus
1711 1464 1843 1499 noue
1891 1450 2064 1499 uenire

187 1538 373 1599 11011111,
422 1538 560 1589 filius
610 1539 727 1588 ante
767 1537 927 1602 patris
967 1536 1341 1601 professionem
1382 1539 1433 1586 et
1471 1537 1663 1587 missus
1706 1540 1820 1587 ante
1861 1537 2065 1587 manda-

185 1627 314 1679 toris
350 1626 730 1687 auctoritatem,
770 1627 830 1675 ut
872 1627 921 1674 61
961 1624 1128 1690 ipsam.
1167 1624 1321 1675 fidem
1354 1625 1888 1676 monstruosissimam
1920 1625 2064 1676 indu-

188 1718 341 1788 ceret,
399 1730 499 1781 qua
554 1716 669 1764 ant-e
726 1713 1023 1764 crederetur
1069 1712 1334 1764 Christum
1382 1713 1591 1764 uenisse
1642 1729 1795 1778 quam
1850 1714 2068 1764 sciretur

186 1805 363 1855 fuisse.
420 1803 671 1869 competit
726 1802 855 1852 mihi
910 1803 1065 1852 etiam
1118 1801 1251 1851 iilud
1303 1803 1595 1864 retractare,
1653 1817 1742 1852 cur
1795 1817 1893 1852 non
1947 1804 2067 1866 post

190 1893 454 1945 Christum
511 1891 726 1942 uenerit.
783 1906 900 1940 nam
957 1905 1073 1940 cum
1129 1890 1334 1940 intueor
1388 1889 1540 1940 deum
1590 1890 1698 1940 eius
1746 1893 1888 1941 tanto
1939 1906 2064 1940 aeuo

185 1980 629 2047 patientissimum
686 1978 1010 2029 acerbissimi
1064 1978 1324 2039 6161110115,
1367 1977 1717 2029 adnuntiantis
1771 1979 1965 2029 interea.
2015 1978 2062 2028 in

187 2070 420 2121 homines
457 2068 721 2120 Christum
755 2083 925 2128 51111111,
963 2082 1286 2132 quacumque
1311 2066 1365 2116 id
1389 2066 1583 2118 ratione
1616 2067 1754 2128 fecit,
1788 2069 1893 2117 tam
1926 2082 2065 2116 reue-

185 2159 433 2210 lationem
482 2173 636 2223 quam
681 2156 1105 2206 intercessionem
1156 2170 1302 2205 suam
1352 2154 1607 2217 differens,
1657 2154 1834 2205 eadem
1873 2154 2066 2204 rat-ione

190 2247 302 2298 dico
337 2247 488 2297 11111111
521 2245 826 2311 patientiam
862 2243 1103 2295 debuisse
1146 2243 1361 2294 creatori
1399 2242 1450 2293 in
1485 2241 1687 2294 Christo
1728 2258 1932 2308 quoque
1974 2257 2066 2292 5110

189 2334 559 2400 dispositiones
615 2349 735 2385 suas
793 2334 1087 2394 executuro,
1150 2335 1209 2382 111
1268 2331 1496 2397 perfecta
1558 2333 1609 2381 et
1669 2331 1868 2396 expleta
1929 2330 2068 2381 omni

189 2423 483 2490 operatione
525 2421 717 2472 aemuli
758 2421 841 2473 dei
881 2424 932 2471 et
974 2419 1164 2471 aemuli
1191 2418 1391 2471 Christi
1430 2421 1555 2470 tunc
1597 2422 1648 2470 61
1685 2419 1797 2485 ipse
1836 2419 2065 2485 proprias

189 2510 562 2578 dispositiones
590 2509 976 2575 superduceret.
998 2510 1223 2559 ceterum
1243 2507 1340 2574 <si>
1357 2506 1671 2572 paenitentia
1686 2508 1857 2558 tantae
1874 2506 2065 2571 patien-

188 2601 291 2651 tiae
337 2599 476 2661 fecit,
527 2598 664 2665 quod
711 2614 809 2650 non
858 2597 909 2648 in
950 2597 1102 2647 finem
1143 2612 1313 2646 rerum
1355 2595 1599 2646 creatoris
1639 2595 2065 2662 perseus-iuuerit,

187 2705 318 2739 nane
369 2684 622 2738 sustinuit
667 2685 952 2753 praedicari
993 2683 1260 2736 Christum
1301 2684 1429 2746 eius,
1479 2700 1632 2750 quem
1671 2699 1769 2735 non
1819 2682 2068 2734 sustinuit

189 2777 429 2828 exhiberi.
457 2778 547 2826 aut
572 2776 680 2826 sine
713 2790 869 2826 causa
892 2773 1159 2825 intercidit
1188 2773 1438 2839 temporis
1473 2772 1626 2823 alieni
1665 2771 1939 2822 decursum
1978 2773 2068 2821 aut

190 2866 298 2917 sine
339 2880 495 2916 causa
533 2866 641 2915 tam
682 2863 770 2914 diu
809 2879 908 2914 non
949 2861 1229 2913 intercidit.
1266 2860 1389 2927 quid
1419 2860 1568 2912 ilium
1603 2860 1839 2923 detinuit,
1875 2858 2064 2925 quidue

189 2952 455 3004 turbauit?
489 2952 666 3017 atquin
700 2951 750 3001 in
776 2953 1053 3016 utrumque
1087 2949 1363 3012 commisit,
1396 2951 1515 3015 post
1548 2950 1827 3010 creatorem
1860 2946 2065 3013 quidem

190 3035 296 3093 tam
343 3041 486 3094 tarde
533 3041 813 3102 1666101115,
871 3041 988 3090 ante
1039 3037 1302 3090 Christum
1351 3053 1472 3088 uero
1522 3036 1632 3087 eius
1679 3038 1786 3086 tam
1833 3027 2062 3103 propere.

248 3159 274 3200 6
306 3161 517 3200 uenturus
541 3157 721 3211 scripsi:
752 3157 986 3197 uenturum
1010 3152 1112 3197 MR
1230 3151 1475 3207 prophetiis
1500 3151 1681 3205 scripsi:
1714 3150 1942 3206 prophetis
1967 3149 2066 3192 MR

191 3226 217 3275 9
259 3231 397 3287 exigis
436 3233 509 3292 (²
544 3230 606 3272 du
638 3229 862 3281 erreichst)
902 3227 1085 3281 scripsi:
1125 3226 1263 3280 exigit
1301 3224 1402 3268 MR
1435 3256 1439 3258 -
1523 3225 1575 3267 13
1616 3224 1922 3280 displicentem
1950 3224 2064 3277 fort.

195 3307 247 3348 15
286 3305 426 3360 ipsam
459 3303 528 3352 M,
567 3303 662 3359 ipse
695 3302 739 3345 R
859 3301 912 3343 18
954 3299 1177 3343 Christum
1217 3300 1425 3353 <meum>
1451 3299 1565 3352 fori.
1714 3296 1842 3339 deum
1879 3296 2062 3350 scripsi:

197 3378 421 3420 dominum
443 3375 544 3418 MR
630 3376 682 3418 19
709 3374 982 3417 aceruissimi
1004 3373 1064 3415 M
1141 3373 1192 3414 21
1229 3372 1399 3413 ratione
1424 3371 1481 3423 R,
1514 3371 1729 3413 rationem
1753 3369 1856 3411 MF
1941 3370 1995 3412 25
2030 3369 2065 3410 si

194 3451 358 3493 addidi
449 3451 502 3493 26
535 3447 900 3505 perseuerauerit.
934 3459 1045 3489 uane
1077 3446 1213 3501 uulyo
1304 3444 1358 3486 29
1390 3458 1476 3486 non
1509 3457 1591 3486 om.
1623 3443 1672 3484 F
1899 3440 1901 3443 ’

2095 1191 2136 1233 io

2096 1643 2137 1675 15

2097 2084 2138 2115 20

2098 2526 2138 2557 25

2097 2965 2138 2996 30
