2248 3646
543 167 637 207 VII.
669 166 936 207 Aduersus
967 166 1279 207 Marcionem
1313 165 1384 206 lib.
1415 165 1458 207 II
1491 166 1613 207 7-9,
1886 169 1985 218 345

176 339 318 372 inam
351 323 535 373 uiuam.
574 325 705 371 recte
745 338 861 371 uero
902 322 1073 372 uiuere
1113 322 1448 381 demandarat,
1482 322 1735 371 admonito
1774 322 1822 370 in
1860 321 1987 385 legis

188 409 499 470 obsequium.
537 408 608 456 ita
637 422 731 456 non
762 409 810 455 in
844 409 1054 456 mortem
1085 407 1371 456 institutum
1406 407 1654 456 hominem
1687 407 1864 470 probat
1904 407 1987 469 qni

186 495 283 558 (et)
314 508 442 543 nunc
475 494 613 556 cupit
639 495 687 542 in
714 493 866 542 uitam
894 493 1201 552 restitutum,
1228 493 1417 541 malens
1442 492 1717 555 peccatoris
1740 491 1987 554 paeniten-

185 579 303 628 tiam
352 595 496 642 quam
547 581 773 627 mortem.
834 578 989 643 igitur
1034 578 1165 626 sicut
1209 577 1330 626 deus
1377 577 1565 626 homini
1617 578 1751 626 uitae
1797 578 1986 626 statum

137 680 155 710 5
186 663 393 723 induxit,
430 663 501 711 ita
531 663 678 713 homo
713 663 808 712 sibi
838 663 1016 713 mortis
1055 664 1242 711 statum
1283 661 1508 722 adtraxit,
1550 663 1601 711 et
1636 661 1729 711 hoc
1767 677 1862 711 non
1902 675 1988 726 per

182 749 538 808 infirmitatem,
570 748 721 798 sicuti
752 763 841 796 nec
872 763 957 812 per
989 748 1334 812 ignorantiam,
1366 762 1425 796 ne
1458 746 1575 810 quid
1608 747 1798 796 auctori
1827 746 1988 809 impu-

183 836 385 884 taretur.
460 849 574 882 nam
626 833 721 882 etsi
774 834 980 898 angelus
1035 833 1119 897 qui
1172 832 1384 891 seduxit,
1446 832 1532 881 sed
1583 832 1709 881 liber
1769 835 1818 880 et
1870 846 1988 880 suae

185 919 450 982 potestatis
485 919 567 983 qui
601 919 835 968 seductus
870 922 961 977 est,
996 918 1082 967 sed
1115 918 1278 984 imago
1313 920 1362 967 et
1393 918 1671 967 similitudo
1706 917 1783 966 (lei
1815 917 1990 966 fortior

185 1006 377 1069 angelo,
410 1005 496 1053 sed
529 1004 739 1054 adflatus
775 1004 851 1053 dei
884 1004 1167 1069 generosior
1198 1003 1377 1066 spiritu
1408 1003 1669 1061 materiali,
1697 1017 1793 1066 quo
1827 1002 1990 1066 angeli

115 1108 154 1136 ιο
186 1091 531 1148 constiterunt,
582 1119 640 1124 —
684 1090 788 1154 qui
832 1089 1008 1149 facit,
1055 1088 1236 1152 inquit,
1291 1088 1569 1151 spiritus
1617 1088 1882 1152 angelos
1931 1089 1990 1135 et

182 1175 589 1239 apparitores
636 1164 952 1224 flammam
987 1174 1168 1238 ignis
1214 1203 1280 1209 -—
1329 1174 1444 1236 quia
1480 1189 1569 1222 nec
1606 1173 1987 1222 uniuersitatem

181 1260 369 1309 homini
414 1260 712 1310 subiecisset
760 1260 952 1309 infirmo
1000 1260 1281 1310 dominandi
1332 1261 1382 1308 et
1419 1275 1512 1308 non
1558 1259 1741 1323 potiori
1779 1258 1987 1323 angelis

184 1347 363 1409 quibus
410 1346 534 1394 nihil
578 1347 677 1395 tale
725 1346 954 1395 subiecit.
996 1346 1067 1394 sic
1116 1333 1204 1394 nec
1251 1345 1378 1410 legis
1418 1344 1612 1408 pondus
1660 1344 1990 1408 imposuisset

184 1459 247 1464 ——
281 1431 323 1480 si
355 1431 522 1495 grauis
553 1431 630 1479 lex
663 1460 724 1464 ——
758 1430 976 1480 inualido
1010 1429 1305 1489 sustinendi,
1345 1444 1434 1478 nec
1465 1444 1612 1492 quem
1652 1429 1987 1478 excusabilem

112 1532 151 1562 15
182 1515 333 1566 sciret
353 1515 550 1565 nomine
580 1516 961 1574 imbecillitati&
988 1531 1100 1564 eum
1128 1515 1412 1564 definitione
1444 1514 1620 1564 mortis
1654 1514 1986 1564 conuenisset

180 1605 432 1666 postremo
463 1617 558 1651 non
583 1602 814 1652 libertate
846 1617 935 1650 nec
965 1603 1214 1664 potestate
1248 1601 1437 1650 arbitrii
1475 1601 1682 1650 fecisset
1718 1600 1985 1660 infirmum,

181 1688 269 1758 sed
312 1688 481 1752 potius
529 1688 802 1737 defectione
851 1703 1036 1737 earum.
1095 1690 1244 1751 atque
1291 1686 1411 1736 adeo
1460 1686 1670 1736 eundem
1715 1685 1984 1742 hominem,

181 1773 382 1823 eandem
417 1773 747 1823 substantiam
780 1773 985 1836 animae,
1027 1772 1236 1821 eundem
1268 1772 1403 1821 Adae
1437 1774 1623 1821 statum
1658 1771 1827 1820 eadem
1862 1770 1987 1819 arbi-

180 1859 260 1908 trii
282 1860 486 1909 libertas
514 1862 563 1908 et
585 1861 808 1923 potestas
834 1860 1078 1909 uictorem
1111 1858 1266 1908 efficit
1294 1858 1441 1908 hodie
1474 1858 1530 1906 de
1564 1857 1734 1906 eodem
1770 1855 1983 1917 diabolo,

109 1958 149 1989 20
181 1959 292 1992 cum
333 1945 604 1999 secundum
645 1944 941 2008 obsequium
980 1945 1149 2009 legum
1191 1943 1269 1993 dei
1309 1943 1700 1991 administratur.

250 2031 295 2078 9.
339 2027 548 2094 Quoquo
587 2033 769 2089 tamen,
809 2029 993 2093 inquis,
1033 2029 1178 2078 modo
1220 2028 1501 2078 substantia
1541 2028 1776 2077 creatoris
1816 2024 1986 2076 delicti

179 2130 329 2179 capax
372 2116 641 2175 inuenitur,
693 2130 805 2164 cum
854 2115 1065 2164 adflatus
1114 2115 1208 2175 dei,
1254 2114 1305 2163 id
1352 2116 1429 2164 est
1473 2114 1649 2175 anima,
1697 2114 1746 2162 in
1785 2113 1984 2162 homine

179 2201 390 2264 deliquit
420 2216 507 2250 nec
534 2203 702 2265 potest
725 2217 819 2250 non
845 2201 906 2250 ad
931 2201 1221 2266 originalem
1249 2215 1496 2249 summam
1528 2199 1697 2248 referri
1733 2197 1982 2261 corruptio

177 2287 433 2349 portionis.
482 2286 542 2335 ad
581 2287 675 2336 hoc
713 2286 1081 2350 interpretanda
1120 2287 1213 2335 erit
1251 2286 1465 2349 qualitas
1506 2285 1711 2334 animae.
1754 2283 1984 2347 inprimis

107 2386 148 2416 ‘25
178 2371 446 2421 tenendum
479 2371 612 2435 quod
645 2371 833 2421 Graeca
864 2372 1110 2436 scriptura
1149 2371 1384 2436 signauit,
1426 2370 1666 2419 adflatum
1705 2369 1983 2428 nominans,

178 2472 272 2506 non
327 2457 574 2520 spiritum.
652 2457 852 2520 quidam
908 2458 1039 2506 enirn
1094 2457 1152 2506 cle
1208 2456 1395 2507 Graeco
1447 2456 1833 2519 interpretantes
1889 2470 1984 2503 non

316 2694 360 2747 4]
395 2694 446 2734 cf.
478 2693 547 2735 Ez.
584 2693 647 2742 18,
678 2693 754 2743 -23;
781 2694 847 2741 33,
875 2693 1153 2747 11311Petr.
1179 2694 1216 2742 3,
1242 2694 1280 2735 9.
1372 2692 1440 2745 11]
1473 2692 1541 2732 Ps.
1579 2691 1669 2739 103,
1700 2692 1739 2731 4.
1829 2690 1898 2744 26]
1932 2689 1982 2733 cf.

179 2763 283 2806 Gen.
314 2763 355 2816 2,
388 2766 426 2805 7.

234 2919 258 2960 3
304 2922 348 2960 et
392 2919 549 2962 addidi
651 2920 701 2961 10
742 2920 1024 2973 parenthesin
1068 2919 1270 2960 indicaui
1380 2919 1431 2958 14
1466 2916 1746 2969 parenthesin
1784 2915 1983 2957 indicam

179 2990 231 3031 15
269 3002 366 3033 eum
396 2991 504 3046 Riy:
537 3004 631 3033 cum
665 2991 761 3033 MR
906 2992 1188 3037 conuenisset,
1227 2991 1441 3042 postremo
1479 2989 1611 3042 aalyo
1730 2987 1779 3027 17
1810 2986 1982 3044 malim:

177 3059 252 3101 sed
295 3061 439 3115 potius
484 3062 724 3104 defectione
771 3076 913 3104 earum
958 3062 1132 3103 fecisset
1175 3061 1385 3102 infirmum
1473 3059 1527 3100 ‘20
1566 3058 1636 3099 dei
1672 3058 1850 3110 scripsi:
1891 3058 1981 3097 eius

176 3132 274 3173 MR
358 3133 410 3175 21
436 3146 604 3187 quoquo
635 3135 779 3175 tamen
809 3133 934 3175 modo
967 3153 1018 3168 z
1051 3133 1198 3186 aliquo
1230 3137 1373 3173 tamen
1401 3130 1527 3182 modo
1560 3129 1706 3182 (Ena),
1737 3129 1813 3170 sed
1839 3128 1981 3169 nescio

178 3215 238 3243 an
268 3203 431 3247 lamma
449 3204 506 3247 sit
525 3205 759 3246 statuenda
782 3206 844 3246 sic
861 3206 959 3258 sere
987 3204 1222 3258 explenda:
1251 3201 1604 3256 quoquo—modo
1633 3200 1982 3253 <institutionem

177 3271 352 3319 audebis
383 3273 609 3315 defendere
637 3274 931 3328 legislatoris>
1015 3276 1067 3316 23
1099 3274 1349 3328 originalem
1379 3273 1434 3323 R,
1466 3272 1673 3325 originem
1704 3271 1758 3311 M
