2248 3646
291 187 394 248 578
663 191 851 245 Quinti
886 182 1428 249 S'eptimi'Florentis
1460 179 1795 235 Tertulliani

287 352 491 404 facilius
555 352 689 403 enim
745 352 979 403 credetur
1041 351 1150 403 eius
1208 367 1320 403 esse
1361 364 1455 417 per
1499 351 1913 404 maledictionem
1962 351 2153 406 Christi

287 439 699 491 benedictionem
745 439 1069 507 prospexisse
1118 438 1330 504 homini,
1388 439 1474 505 qui
1523 449 1575 490 et
1611 440 2025 492 maledictionem
2065 441 2153 492 ali—

290 527 490 594 quando
533 530 585 579 et
621 527 1027 579 benedictionem
1058 526 1386 594 proposuerit
1418 529 1531 579 ante
1564 527 1840 592 hominem,
1882 544 2034 595 quam
2067 529 2153 595 qui

288 617 528 666 neutrum
585 630 830 680 umquam
893 614 961 666 sit
1007 614 1143 680 apud
1195 617 1246 665 te
1292 614 1575 680 professus.
1644 615 1943 681 ‘accipimus
1996 616 2156 684 igitur

286 699 696 755 benedictionem
759 702 1043 769 spiritalem
1097 718 1186 768 per
1231 701 1421 764 fidem,'
1465 702 1655 768 inquit:
1705 719 1762 754 ex
1809 719 1910 769 qua
1957 703 2156 756 scilicet
2198 714 2226 753 >5

287 791 423 842 uiuit
460 791 632 842 iustus
681 790 965 843 secundum
1013 792 1310 842 creatorem.
1367 790 1465 841 hoc
1512 792 1594 841 est
1641 806 1778 858 ergo,
1826 787 1964 857 quod
2017 791 2151 843 dico-L

289 878 398 930 eius
440 878 520 930 dei
559 877 710 930 fidem
767 893 895 940 esse,
958 877 1105 929 cuius
1163 880 1241 929 est
1293 878 1458 928 forma
1512 878 1705 945 gratiae
1758 878 1901 930 fides,
2057 878 2157 931 Sed

291 969 497 1018 etcum
547 965 728 1017 adicit:
786 981 989 1017 omnes
1046 964 1202 1016 enirm
1256 964 1383 1016 filii
1436 966 1588 1017 estis
1636 966 1807 1030 fidei,
1851 966 2155 1029 ostenditur,

289 1053 412 1120 quid
454 1069 620 1119 supra
673 1052 932 1104 haeretica
983 1052 1238 1103 industria
1293 1053 1526 1104 eraserit:
1583 1054 1896 1105 mentionem
1960 1054 2160 1108 scilicet

286 1141 538 1204 Abrahae,
580 1156 679 1206 qua
718 1156 809 1191 nos
852 1140 1119 1207 apostolus
1158 1138 1294 1191 filios
1328 1140 1562 1191 Abrahae
1601 1155 1691 1208 per
1720 1141 1872 1193 fidem
1906 1141 2154 1206 adfirmat,
2187 1161 2228 1193 ιο

288 1230 570 1281 secundum
627 1244 780 1295 quam
833 1229 1150 1279 mentionem
1208 1227 1292 1279 hic
1334 1244 1536 1294 quo-que
1577 1228 1727 1281 ‘filios
1767 1229 1902 1281 fidei’
1944 1231 2156 1284 notauit.

290 1320 516 1369 ceterum
564 1316 821 1383 quomodo
868 1315 964 1367 filii
1003 1315 1156 1367 fidei?
1207 1318 1255 1367 et
1305 1316 1452 1368 cuius
1494 1316 1630 1382 fidei,
1671 1317 1716 1369 si
1753 1334 1851 1369 non
1890 1318 2158 1369 Abrahae?

289 1405 332 1456 si
352 1405 509 1456 zenim
548 1404 808 1455 Abraham
849 1404 942 1455 deo
986 1404 1203 1455 credidit
1242 1406 1293 1455 et
1333 1403 1637 1471 deputatum
1672 1407 1752 1456 est
1790 1405 1889 1472 <ei>
1928 1405 2159 1457 iustitiae

286 1495 439 1559 atque
477 1491 657 1543 'exinde
696 1494 841 1558 pater
878 1491 1162 1542 multarum
1202 1491 1465 1542 nationum
1505 1492 1696 1544 meruit
1726 1493 2027 1559 nuncupari,
2067 1509 2159 1545 nos
2214 1543 2216 1545 ,

287 1582 478 1641 autem,
521 1578 770 1639 credendo
813 1579 905 1630 deo
961 1579 1127 1646 magis
1171 1595 1303 1640 aaa,
1353 1579 1563 1645 proinde
1617 1579 1976 1642 iustificamur,
2024 1574 2232 1633 sicut15

285 1666 562 1730 Abraham,
605 1669 656 1718 et
693 1667 858 1718 uitam
896 1667 1110 1733 proinde
1152 1667 1533 1732 censequimur,
1575 1667 1711 1719 sicut
1747 1669 1918 1720 iustus
1961 1685 2017 1721 ex
2054 1669 2153 1722 fide

284 1755 444 1806 uiuit:
487 1754 562 1805 sic
599 1753 674 1817 fit,
715 1757 774 1805 ut
814 1756 865 1805 et
904 1770 1058 1821 supra
1094 1753 1229 1805 filios
1269 1770 1361 1806 nos
1393 1755 1627 1806 Abrahae
1658 1756 2015 1821 pronuntiarit,
2055 1772 2155 1822 qua

285 1843 446 1910 patris
486 1842 621 1906 fidei,
664 1845 716 1893 et
755 1842 837 1893 hic
875 1842 1010 1894 filios
1050 1842 1187 1905 fidei,
1228 1858 1318 1910 per
1358 1859 1508 1909 quam
1549 1843 1806 1895 Abraham
1845 1847 1988 1911 pater
2025 1846 2152 1897 nati-

288 1947 441 1983 onum
489 1931 657 1982 fuerat
702 1930 1067 1996 repromissus
1113 1931 1285 1997 ipsum
1329 1931 1464 1996 quod
1502 1930 1656 1990 fidem
1697 1947 1725 1982 a
1764 1932 2152 1985 circumcisione

284 2018 575 2082 reuocabat,
620 2034 785 2069 nonne
825 2018 1057 2069 Abrahae
1105 2018 1239 2069 filios
1281 2018 1595 2070 constituere
1636 2019 1927 2084 quaerebat,
1978 2020 2065 2085 qui
2101 2021 2152 2071 in
2182 2038 2224 2069 20

286 2107 451 2158 carnis
505 2107 801 2175 integritate
857 2106 1174 2158 crediderat?
1239 2107 1457 2173 denique
1512 2107 1724 2158 alterius
1779 2107 1860 2159 dei
1912 2108 2038 2160 fides
2093 2109 2155 2160 ad

284 2195 502 2246 formam
545 2195 627 2246 dei
666 2194 877 2246 alterius
918 2211 1016 2246 non
1057 2197 1232 2261 potest
1270 2195 1492 2259 admitti,
1532 2198 1593 2246 ut·
1629 2195 1894 2247 credentes
1926 2196 2156 2249 iustitiae

287 2283 518 2349 deputet,
572 2284 633 2333 ut
684 2282 852 2334 iustos
893 2282 979 2348 <ex
1015 2281 1141 2349 fide>
1179 2283 1359 2333 uiuere
1414 2282 1583 2346 faciat,
1638 2284 1696 2334 ut
1741 2282 1974 2336 nationes
2022 2284 2156 2336 filios

283 2369 405 2421 fidei
459 2369 613 2421 dicat.
689 2371 858 2440 totum
907 2370 1004 2421 hoc
1053 2371 1164 2422 eius
1214 2373 1307 2433 est,
1363 2370 1500 2437 apud
1556 2386 1709 2436 quem
1762 2373 1878 2422 ante
1924 2371 2024 2422 iam
2072 2388 2156 2424 no-

285 2462 396 2510 tum
439 2461 534 2509 est.
2187 2473 2230 2507 2⁵

289 2584 293 2588 .
359 2548 408 2596 4.
437 2545 542 2597 Sub
578 2545 756 2596 eadem
783 2545 1018 2597 Abrahae
1049 2545 1325 2607 mentione,
1359 2545 1482 2596 dum
1515 2544 1628 2611 ipso
1663 2560 1816 2596 sensu
1846 2546 2157 2609 reuincatur,

430 2662 475 2716 4]
510 2660 645 2703 uerba
677 2660 910 2716 apostolici
942 2643 1179 2703 Marcionis
1214 2674 1235 2702 e
1268 2659 1365 2702 Gal.
1398 2659 1437 2709 3,
1472 2660 1526 2701 14
1560 2658 1736 2702 detorta
1882 2662 1926 2716 5]
1962 2661 2015 2704 cf.
2046 2661 2159 2706 Hab.

286 2735 328 2790 2,
360 2736 408 2786 43
443 2733 539 2777 Gal.
574 2734 614 2783 3,
650 2734 716 2775 11.
830 2734 874 2788 8]
911 2732 1007 2776 Gal.
1040 2735 1080 2788 3,
1113 2733 1182 2775 26.
1291 2733 1335 2788 9]
1369 2732 1421 2775 cf.
1455 2731 1551 2775 Gal.
1578 2733 1617 2785 3,
1645 2733 1771 2776 7—9.
1865 2734 1937 2789 13]
1971 2733 2026 2779 cf.
2052 2733 2159 2777 Gen.

291 2809 358 2857 15,
392 2807 431 2850 6.
468 2806 564 2851 Gal.
599 2807 639 2860 3,
672 2808 710 2850 6.
791 2806 862 2861 14]
898 2806 953 2849 cf.
990 2805 1095 2849 Gen.
1133 2808 1199 2857 17,
1231 2806 1360 2848 4—5.
1437 2806 1509 2861 20]
1546 2805 1600 2848 cf.
1633 2806 1757 2849 Rom.
1788 2810 1828 2861 4,
1864 2807 1930 2850 10.
2007 2807 2080 2862 26]
2109 2806 2160 2850 cf.

294 2880 388 2923 Gal.
423 2880 462 2930 3,
498 2879 563 2922 14.

349 2968 369 3009 1
396 2966 605 3010 ‘credetur
625 2967 812 3021 scripsi:
840 2965 1089 3009 crederetur
1106 2967 1208 3009 MR
1288 2968 1316 3008 4
1341 2966 1579 3022 accipimus
1604 2966 1673 3018 M,
1699 2967 1947 3023 accepimus
1967 2967 2012 3011 R
2027 2968 2162 3022 nulqo

290 3038 313 3082 7
345 3039 455 3081 fides
485 3040 668 3094 scripsi:
701 3039 807 3082 fidei
837 3039 940 3083 MR
1047 3040 1097 3082 11
1130 3039 1234 3082 fidei
1265 3042 1374 3094 n0<s
1404 3040 1613 3093 uo>cauit
1633 3040 1746 3094 fort.
1847 3040 1899 3082 13
1933 3041 1971 3082 ei
2005 3040 2164 3082 addidi

292 3113 344 3155 15
377 3113 591 3155 lacunam
614 3113 823 3168 siynaui:
856 3126 985 3168 quam
1009 3112 1271 3155 demerendo
1296 3113 1523 3168 placentes
1548 3112 1844 3167 supplendum
1861 3116 1974 3167 puto
2035 3113 2088 3155 23
2115 3127 2164 3155 ex

287 3186 374 3228 fide
408 3185 569 3228 addidi
716 3185 772 3227 24
801 3186 939 3239 salsa
977 3185 1177 3228 codicum
1215 3186 1574 3240 interpunctione
1603 3186 1811 3228 seductus
1840 3190 1904 3228 est
1931 3186 2165 3229 Pamelius

280 3272 498 3314 peruersa
542 3259 740 3312 capitum
788 3258 1074 3301 distinctione
1110 3272 1225 3314 quae
1265 3263 1386 3301 arcte
1423 3259 1539 3301 inter
1576 3272 1621 3301 se
1659 3259 1894 3301 cohaerent
1941 3259 2164 3301 dirimere.-

287 3333 440 3373 notum
474 3334 542 3372 est
574 3331 652 3373 sub
687 3330 866 3374 eadem.
888 3365 896 3373 .
917 3332 1210 3376 .reuincatur.
1243 3333 1283 3374 4.
1318 3330 1476 3385 adhue,
1508 3332 1654 3386 inquit
1683 3333 1818 3386 uulyo
1902 3332 1957 3374 26
1983 3331 2084 3373 dum
2110 3351 2164 3367 ==

288 3403 504 3446 wahrend
535 3403 648 3446 doch
