2248 3646
222 190 344 240 Vll]
978 180 1327 224 Praefatio.

214 348 310 399 hoc
352 361 561 414 corpore
601 344 951 396 Tertullianeo
993 345 1044 394 et
1084 357 1140 393 ex
1178 340 1309 408 ipsis
1350 340 1542 392 ueteris
1590 340 1815 409 catalogi
1861 340 2090 408 uerbis1)

214 436 424 501 apparet
456 436 508 485 et
540 449 597 484 ex
623 430 1083 497 Montepessulano
1118 429 1319 491 codice;
1344 428 1656 479 immutandi
1690 430 1863 480 autem
1898 428 2090 480 ordinis

213 522 462 573 librorum
503 536 633 588 quae
670 519 864 571 fuerint
903 533 1106 579 causae,
1147 516 1440 568 accuratius
1482 516 1790 568 examinanti
1827 516 1967 568 haud
2000 517 2093 568 dif-

215 608 352 660 ficile
409 609 505 660 erit
552 607 817 674 suspicari.
873 606 958 672 qui
1008 605 1143 656 enim
1192 604 1430 655 exarabat
1478 619 1535 655 ex
1582 604 1859 672 archetypo
1900 604 2092 656 librum

213 695 676 757 Paterniacensem,
729 711 845 746 cum
902 693 1158 760 exemplar
1205 708 1359 744 suum
1408 691 1771 759 descripsisset
1816 708 1982 758 usque
2031 692 2095 744 ad

213 784 404 835 librum
444 782 708 834 aduersas
743 781 1150 842 Valentinianos,
1191 779 1606 832 animaduertens
1637 780 1901 847 ingentem
1934 780 2094 832 ambi-

216 876 327 923 tum
356 871 522 938 operis
548 870 869 937 insequentis
904 870 1174 937 (librorum
1202 868 1427 934 quinque
1459 868 1710 919 aduersas
1731 868 2094 937 Marcionem),

220 961 312 1011 hos
353 959 511 1011 libros
553 974 647 1010 suo
690 958 976 1010 destinasse
1016 957 1224 1008 uidetur
1270 955 1579 1025 uolumini2)
1636 959 1688 1007 et
1741 972 1829 1025 pro
1885 956 1992 1010 illis
2041 973 2098 1009 ex

220 1049 378 1098 altero
422 1046 683 1113 archetypi
722 1045 985 1098 uolumine
1027 1044 1364 1097 substituisse
1405 1060 1491 1096 eos
1527 1046 1746 1110 quatuor
1776 1044 1937 1096 libros
1971 1045 2097 1096 anti-

220 1135 522 1196 haeretiCOS,
565 1134 653 1199 qui
686 1135 841 1185 etiam
881 1148 970 1200 pro
1011 1149 1182 1185 rerum
1224 1132 1541 1200 argumentis
1577 1132 1924 1200 coniungendi
1958 1137 2099 1184 erant

220 1238 336 1273 cum
391 1222 606 1288 reliquis
661 1221 1062 1284 antihaereticis,
1121 1236 1251 1287 quos
1298 1220 1452 1272 modo
1502 1220 1865 1286 descripserat.
1921 1220 2098 1272 eadem

220 1312 391 1360 autem
446 1309 541 1361 hac
594 1310 789 1361 ratione
838 1308 1055 1378 cogendi
1099 1308 1151 1359 in
1190 1325 1352 1359 unum
1391 1308 1550 1360 libros
1591 1308 1988 1360 antihaereticos
2030 1309 2101 1373 (in

220 1398 494 1464 archetypo
538 1397 882 1457 Cluniacensi,
922 1403 980 1448 ut
1018 1397 1170 1449 docet
1207 1396 1538 1448 Florentinus
1569 1396 1640 1460 N,
1672 1396 1959 1448 miserrime
2000 1397 2099 1448 dis--

220 1485 406 1554 iectos)
463 1486 650 1537 ductus
701 1501 814 1537 esse
853 1484 1061 1536 uidetur
1101 1482 1189 1552 qui
1226 1484 1627 1552 Hirsaugienses
1671 1484 1880 1551 scripsit
1918 1485 2100 1548 libros,

223 1589 321 1639 qua
377 1573 585 1639 quidem
632 1574 682 1624 in
730 1556 816 1637 re,
854 1576 914 1625 ut
953 1572 1121 1641 magis
1163 1572 1474 1639 adaequaret
1513 1573 1732 1624 duorum
1772 1573 2098 1624 uoluminum

221 1661 488 1724 ambitum,
543 1661 703 1713 libros
758 1660 819 1711 de
873 1678 1025 1712 carne
1072 1659 1266 1713 Christi
1320 1662 1372 1711 et
1424 1660 1483 1711 cle
1530 1661 1706 1711 carnis
1735 1662 2102 1711 resurrectione

227 1816 397 1860 Contra
428 1818 628 1861 Iudaeos
1165 1817 1398 1861 Aduersus
1428 1830 1576 1861 omnes
1605 1818 1807 1861 haereses

221 1889 455 1933 Aduersus
486 1903 634 1933 omnes
663 1889 907 1933 haereticos
1163 1890 1234 1934 De
1255 1892 1694 1946 praescriptionibus
1723 1892 2046 1935 haereticorum

223 1963 293 2005 De
315 1964 673 2018 praescriptione
703 1963 1029 2007 haereticoram
1161 1965 1397 2008 Aduersus
1426 1966 1744 2020 Hermoyenem

223 2036 457 2080 Aduersus
486 2037 805 2093 Hermoyenem

337 2153 509 2198 Codex
540 2154 1055 2211 Montepessulanus
1311 2155 1485 2199 Codex
1516 2156 1963 2199 Paterniacensis

567 2231 696 2282 (saec.
728 2228 824 2284 XI):
1504 2233 1633 2283 (saec.
1666 2230 1767 2285 XI):

226 2300 296 2343 De
318 2301 552 2356 patientia
1164 2302 1235 2346 De
1259 2304 1492 2358 patientia

226 2374 297 2417 De
328 2388 462 2418 carne
498 2374 667 2418 Christi
1168 2376 1237 2419 De
1266 2390 1377 2418 itera
1409 2390 1544 2419 earne
1576 2377 1747 2419 domini
1778 2379 1854 2431 (=
1889 2376 1941 2420 de
1972 2390 2106 2420 carne

227 2446 297 2488 De
328 2448 480 2489 carnis
509 2449 829 2491 resurrectione
1229 2449 1421 2503 Christi)

229 2519 461 2563 Aduersus
491 2521 722 2563 Praoeeam
1166 2521 1238 2564 De
1270 2523 1423 2565 carnis
1451 2522 1772 2565 resurreetione

228 2592 459 2636 Aduersus
496 2594 847 2638 Valentinianos
1166 2594 1399 2638 Aduersus
1426 2595 1657 2638 Praxeam

230 2665 462 2709 Aduersus
491 2667 773 2710 Marcionem
806 2667 911 2710 libri
947 2668 977 2711 V
1169 2669 1401 2712 Aduersus
1438 2669 1787 2713 Valentinianos

232 2739 589 2795 (Apoloyeticas)
1167 2743 1403 2786 Aduersus
1432 2742 1635 2786 Iudaeos

1166 2816 1400 2858 Aduersus
1431 2828 1580 2859 omnes
1608 2815 1810 2858 haereses

1167 2889 1240 2931 De
1265 2889 1620 2944 praescriptione
1647 2889 1968 2933 haereticorum

1166 2962 1403 3005 Aduersus
1431 2961 1762 3018 Hermoyenem.

309 3031 338 3085 1)
376 3030 563 3088 Legitur
609 3033 723 3076 enim
770 3033 815 3076 in
863 3034 1089 3090 catalogo:
1137 3036 1335 3078 eontinet
1373 3035 1516 3079 decem
1556 3035 1694 3079 libros
1737 3036 2019 3079 Tertulliani
2056 3041 2101 3079 et

235 3105 637 3161 apoloyeticum
676 3107 791 3149 eius
830 3109 874 3149 et
905 3108 950 3150 in
981 3108 1372 3165 Montepessulano
1404 3108 1579 3152 addidit
1608 3109 1725 3152 huuc
1756 3110 1917 3152 librum
1949 3124 2105 3152 manus

234 3178 322 3220 alia
354 3178 583 3221 recentior.

307 3249 339 3304 2)
369 3252 418 3294 In
458 3252 546 3294 tria
582 3253 722 3308 igitur
759 3254 987 3297 uolumina
1025 3255 1294 3311 disposuisse
1335 3255 1511 3299 uidetur
1558 3269 1692 3311 opera
1730 3256 2007 3310 Tertulliani,
2057 3269 2106 3299 ex

236 3325 393 3381 quibus
432 3339 566 3368 unum
607 3325 661 3368 ad
699 3340 777 3369 nos
818 3328 1036 3383 peruenit.
1062 3337 1178 3371 'num
1226 3329 1460 3386 perfecerit
1500 3328 1616 3384 quod
1664 3329 1749 3372 sibi
1802 3331 2106 3385 proposuerat,

235 3412 321 3441 non
352 3400 503 3454 potest
535 3399 633 3442 dici.
