2248 3646
213 236 279 286 90
580 231 770 283 Quinti
806 231 1038 286 Septimi
1070 229 1352 273 Florentis
1387 229 1728 272 Tertulliani

284 396 369 447 44.
421 392 475 445 Si
525 394 658 444 enim
716 392 884 443 adhuc
933 391 995 442 ad
1053 391 1319 458 superiora
1371 394 1651 457 respectes.
1710 392 1844 442 unde
1899 393 2090 443 mentio

210 482 432 533 hominis
483 481 745 532 exterioris
795 484 846 531 et
891 480 1150 530 interioris
1198 479 1410 529 inducta
1458 483 1553 533 est,
1603 495 1768 530 nonne
1824 483 1875 530 et
1930 481 2090 548 (ligni-

209 573 369 620 tatem
407 572 457 621 et
490 567 633 636 spem
676 568 841 619 carnis
877 568 1128 634 integram
1164 566 1432 618 inuenies?
1467 583 1580 618 cum
1619 568 1752 617 enim
1789 568 1847 617 de
1880 568 2090 629 lumine,

209 659 345 724 quod
371 657 615 709 inluxerit
640 657 767 708 deus
794 657 851 706 in
880 655 1171 707 cordibus
1198 655 1431 705 nostris
1461 655 1530 706 ad
1555 655 2092 707 inluminationem

210 746 551 813 agnitionis
580 746 815 812 gloriae
843 761 966 795 suae
991 744 1049 795 in
1077 760 1336 809 persona
1367 742 1617 805 Christi,
1648 744 1974 795 dicithabere
2000 760 2092 795 nos
2146 758 2165 789 5

208 835 569 886 thesaurum
622 834 828 884 istum
867 833 925 882 in
981 832 1281 883 testaceis
1329 832 1522 894 uasiS,
1580 833 1780 883 scilieet
1825 832 1874 883 in
1925 848 2092 884 carne:

207 926 464 976 utrumne.
500 922 619 986 quia
657 924 885 972 testacea
919 923 1000 971 est
1032 920 1319 971 secundum
1352 920 1600 987 originem
1632 920 1683 971 in
1716 920 1859 981 limo,
1895 920 2092 972 destru-

211 1016 324 1062 etur
352 1028 429 1072 an,
458 1010 578 1077 quia
603 1010 765 1060 diuini
796 1009 1031 1060 thesauri
1064 1008 1408 1060 conditorium
1442 1010 1536 1060 est.
1573 1009 1878 1060 extolletur?
1915 1009 2091 1074 atquin

210 1099 252 1150 si
305 1099 483 1150 lumen
528 1098 699 1165 ipsum
749 1097 879 1148 illud
930 1112 1131 1159 uerum,
1196 1096 1333 1163 quod
1382 1099 1461 1147 est
1515 1097 1565 1146 in
1615 1112 1832 1162 persona
1882 1096 2090 1159 Christi,

208 1182 371 1238 uitam
411 1188 461 1238 in
511 1202 566 1239 se
609 1186 840 1238 continet
892 1201 1053 1251 eaque
1094 1185 1204 1235 uita
1252 1200 1366 1235 cum
1415 1185 1608 1236 lumine
1658 1185 2003 1236 committitur
2040 1187 2091 1235 in
2123 1197 2164 1228 10

209 1291 428 1337 carnem,
463 1276 689 1342 peritura
724 1277 804 1325 est
835 1275 884 1324 in
921 1290 1071 1340 quam
1107 1273 1219 1324 uita
1252 1273 1632 1324 committitur?
1665 1275 1813 1338 plane
1849 1274 1929 1325 sit.
1962 1275 2091 1340 peri—

208 1368 355 1415 turus
380 1364 512 1430 (est)
539 1366 589 1414 et
614 1363 725 1428 ipse
751 1363 1063 1413 thesaurus?
1097 1361 1339 1427 perituris
1368 1362 1500 1411 enim
1536 1362 1763 1428 peritura
1796 1362 2088 1423 creduntur,

209 1452 345 1503 sicut
406 1451 672 1502 ueteribus
734 1451 938 1501 utribus
1000 1465 1191 1500 nouum
1257 1449 1467 1499 uinum
1513 1465 1630 1500 cum
1693 1450 1818 1500 item
1875 1449 2088 1500 subicit:

210 1556 447 1605 semper
496 1538 1055 1589 mortificationem
1105 1536 1339 1589 Christi
1388 1537 1529 1588 Iesu
1579 1537 2088 1589 circumferentes

206 1629 264 1678 in
309 1643 562 1693 corpore
602 1629 828 1684 nostro,
873 1626 1040 1692 qualis
1080 1626 1184 1676 ista
1223 1642 1303 1676 res
1346 1630 1440 1687 est,
1493 1642 1622 1691 quae
1670 1629 1789 1691 post
1838 1626 1918 1676 dei
1963 1629 2087 1677 tem·
2122 1640 2161 1670 1⁵0

207 1716 351 1782 plum
392 1716 495 1766 iam
529 1718 579 1766 et
613 1715 910 1780 sepulcrum
946 1713 1140 1765 Christi
1172 1716 1346 1779 potest
1380 1714 1517 1766 dici?
1552 1730 1642 1765 cur
1675 1717 1846 1765 autem
1879 1714 2089 1765 mortifi-

208 1805 460 1855 cationem
496 1803 689 1857 domini
724 1802 1138 1854 circumferimus
1171 1801 1222 1852 in
1259 1805 1503 1867 corpore?
1537 1806 1603 1852 ut
1636 1805 1693 1853 et
1724 1803 1870 1864 uita,
1903 1803 2087 1868 inquit,

205 1893 663 1944 manifestetur.
705 1892 828 1942 ubi}>
868 1891 926 1941 in
977 1906 1244 1957 corpore.
1283 1890 1334 1941 in
1379 1894 1514 1956 quo‘?
1555 1890 1606 1941 in
1654 1890 1916 1942 mortali.
1968 1906 2086 1957 ergo

206 1980 256 2031 in
291 1996 456 2039 carne,
499 1980 648 2045 plane
683 1980 889 2031 mortali
930 1978 1217 2031 secundum
1252 1980 1473 2045 culpam,
1518 1979 1610 2030 sed
1642 1981 1693 2030 et
1724 1979 1875 2030 uitali
1908 1994 2088 2030 secun-

208 2068 329 2118 dum
366 2069 608 2136 g1·atiam;
644 2067 764 2118 uide
799 2070 1059 2133 quantam,
1086 2068 1217 2118 utin
1242 2067 1335 2117 illa
1358 2067 1468 2117 uita
1496 2066 1687 2119 Christi
1713 2068 2086 2119 manifestetur.
2120 2079 2161 2111 20

208 2157 257 2206 in
301 2174 353 2207 re
395 2171 515 2223 ergo
551 2156 716 2206 aliena
750 2156 952 2207 salutis,
994 2156 1042 2205 in
1079 2155 1373 2206 substantia
1411 2160 1687 2221 perpetuae
1730 2156 2087 2207 dissolutionis

209 2244 626 2296 manifestabitur
678 2245 788 2295 uita
845 2243 1038 2295 Christi
1086 2246 1291 2294 aeterna
1342 2243 1480 2311 iugis
1527 2244 1839 2310 incorrupta,
1888 2244 1987 2294 iam
2039 2247 2089 2294 et

209 2332 290 2383 dei
339 2333 483 2383 uita?
533 2336 623 2384 aut
671 2332 818 2383 cuius
866 2333 1113 2398 temporis
1170 2332 1279 2382 uita
1334 2331 1527 2382 domini
1573 2331 1992 2383 manifestabitur
2035 2332 2087 2381 in

209 2436 418 2487 corpore
474 2423 685 2472 nostro?
746 2420 838 2471 illa
893 2420 1117 2485 quidem.
1177 2435 1330 2485 quam
1385 2420 1516 2470 uixit
1569 2436 1734 2486 usque
1787 2420 1839 2471 in
1893 2420 2087 2485 passio-

207 2525 341 2570 nem,
382 2525 478 2559 non
519 2509 674 2560 modo
716 2509 853 2575 apud
892 2509 1111 2559 Iudaeos
1152 2509 1202 2559 in
1244 2507 1517 2559 manifesto
1558 2509 1661 2559 fuit
1707 2524 1889 2559 uerum
1930 2509 2085 2560 etiam
2116 2519 2161 2551 25

208 2597 449 2648 omnibus
513 2612 648 2648 nunc
719 2596 962 2663 gentibus
1026 2596 1229 2662 prodita
1292 2598 1385 2648 est.
1446 2596 1573 2647 adeo
1638 2612 1746 2647 eam
1811 2597 2084 2664 significat,

209 2701 337 2749 quae
392 2688 566 2752 portas
623 2684 978 2735 adamantinas
1035 2685 1216 2735 mortis
1272 2687 1323 2735 et
1377 2700 1559 2736 aeneas
1613 2700 1753 2736 seras
1806 2685 2087 2736 inferorum

352 2787 395 2841 2]
424 2786 478 2828 cf.
503 2786 549 2828 II
574 2785 670 2829 Cor.
695 2785 737 2839 4,
766 2787 833 2831 16.
923 2787 969 2841 4]
996 2785 1043 2828 ΙΙ
1067 2783 1164 2829 Cor.
1190 2786 1231 2837 4,
1256 2786 1312 2827 6..
1387 2786 1434 2840 6]
1460 2785 1513 2828 cf.
1537 2785 1583 2828 Π
1608 2783 1703 2829 Cor.
1730 2786 1771 2832 4,
1799 2787 1837 2827 7.
1932 2786 2004 2840 13]
2032 2785 2084 2827 cf.

206 2859 366 2903 Matth.
400 2861 438 2910 9,
474 2860 550 2915 173
581 2860 714 2901 Mare.
755 2862 794 2913 2,
836 2859 912 2913 223
951 2858 1056 2901 Luc.
1098 2859 1138 2912 5,
1179 2859 1248 2901 37.
1342 2859 1414 2913 14]
1454 2858 1501 2901 11
1540 2859 1636 2902 cor.
1676 2859 1717 2908 4,
1759 2860 1825 2902 1o.
1921 2859 1989 2914 15]
2031 2858 2085 2901 cf.

207 2932 225 2974 1
261 2931 358 2975 Cor.
392 2933 432 2988 3,
467 2933 533 2977 16.
628 2933 699 2987 17]
733 2933 778 2975 Π
812 2932 908 2976 Cor.
941 2934 983 2986 4,
1018 2933 1084 2974 11.
1177 2932 1252 2986 27]
1287 2931 1342 2974 cf.
1374 2932 1444 2974 Ps.
1480 2933 1576 2987 106,
1611 2933 1676 2977 16.

265 3021 293 3063 4
331 3020 669 3063 luminationem
709 3022 766 3063 M
854 3022 878 3064 6
918 3021 1091 3063 scilicet
1128 3020 1182 3071 P,
1223 3020 1394 3062 scilicet
1427 3022 1471 3062 et
1501 3019 1607 3064 MF
1691 3022 1716 3063 9
1749 3021 1890 3076 ipsum
1930 3020 2083 3070 PMF,

206 3094 351 3149 ipsum
382 3093 489 3150 LdeiJ
520 3095 563 3135 B
655 3095 704 3136 11
747 3094 879 3149 plane
917 3094 989 3138 sit.
1036 3093 1255 3149 periturus
1285 3095 1418 3148 <est>
1447 3094 1627 3148 scripsi:
1666 3094 1796 3149 plane
1835 3094 1871 3135 si
1910 3093 1991 3149 (sic
2021 3093 2081 3147 R)

209 3166 426 3222 periturus
451 3166 599 3209 PMF
679 3168 732 3209 12
756 3167 1011 3221 thesaurus,
1040 3167 1245 3222 perituris
1268 3167 1404 3222 uulyo
1489 3167 1542 3210 16
1569 3170 1614 3220 et
1635 3166 2020 3209 mortificationem
2043 3165 2082 3207 F

209 3242 261 3283 17
296 3242 390 3282 uita
421 3240 521 3283 Iesu
551 3240 589 3283 G
678 3241 730 3283 18
762 3241 806 3282 in
842 3254 1021 3296 corpore
1049 3244 1198 3282 nostro
1231 3241 1268 3282 (J
1353 3241 1404 3282 21
1442 3253 1545 3295 ergo
1578 3253 1659 3283 om.
1685 3239 1734 3282 F
1848 3240 1982 3282 saluti
2008 3239 2083 3282 sed

207 3314 251 3356 in
284 3314 340 3369 R,
382 3315 537 3356 salutis
575 3314 653 3356 sed
693 3314 737 3355 in
770 3314 814 3355 B
904 3315 959 3355 22
1000 3316 1180 3355 aeterna
1219 3327 1300 3356 om.
1342 3313 1390 3354 F
1475 3315 1531 3356 24
1571 3327 1701 3369 quam
1732 3312 1828 3359 FO,
1871 3321 1958 3367 qua
1987 3312 2088 3354 PM

209 3387 263 3430 25
295 3401 381 3429 non
414 3386 546 3429 modo
578 3386 682 3428 PM
711 3387 833 3437 (add.
866 3400 899 3428 s.
931 3399 975 3429 u.
1010 3400 1122 3441 quae
1154 3401 1209 3430 m.
1233 3383 1292 3439 ⁴2)
1328 3386 1433 3429 Gez:
1473 3399 1584 3441 quae
1617 3400 1701 3428 non
1734 3385 1864 3427 modo
1896 3386 1984 3429 FR
2015 3388 2085 3439 (ex

208 3460 547 3516 Hirsauyiensz)
668 3459 714 3501 in
746 3459 983 3502 manifesto
1017 3459 1132 3515 apud
1165 3459 1346 3501 iudaeos
1377 3459 1426 3502 F
