2248 3646
213 168 318 218 392
578 164 771 216 Quinti
804 162 1032 218 Septimi
1065 163 1344 206 Florentis
1378 165 1706 207 Tertulliani

210 322 532 374 moriendum
585 339 674 388 pro
730 323 875 374 nobis
932 323 1188 388 dispositi,
1243 324 1451 375 breuem
1509 326 1672 376 carnis
1729 331 2068 380 commeatum

209 427 305 461 non
348 410 634 462 debuerunt
671 411 922 462 nascendo
959 412 1262 476 sumpsisse,
1305 412 1422 478 quia
1453 429 1544 463 nec
1576 413 1837 465 moriendo
1872 415 2067 481 deposi-

206 498 307 547 turi
335 514 446 548 eam
471 498 689 549 fuerant.
710 498 799 548 sed
823 499 1143 564 <unde>unde
1170 503 1376 565 sumpta
1401 502 1451 550 et
1473 516 1675 566 quoquo
1695 502 1844 553 modo
1864 504 2066 554 omnino

208 584 449 646 demissa,
489 585 692 635 mentiti
732 601 842 635 eam
884 587 1053 635 tamen
1093 601 1189 636 non
1233 590 1364 637 sunt.
1405 587 1447 638 si
1481 592 1676 639 creator
1706 589 1830 639 facit
1860 591 2065 658 angelos

207 671 418 736 spiritus
453 678 501 722 et
533 673 850 738 apparitores
885 688 1005 723 suos
1037 673 1207 738 ignem
1233 673 1548 741 fiagrantem,
1581 678 1686 725 tam
1711 691 1829 726 uere
1856 677 2067 741 spiritus
2119 699 2139 730 ε)

205 774 357 823 quam
405 763 455 809 et
499 760 686 825 ignem,
740 760 876 811 idem
925 761 1040 811 illos
1095 776 1215 811 uere
1269 761 1394 811 fecit
1448 765 1499 812 et
1553 778 1770 827 carnem,
1825 767 1884 814 ut
1936 781 2068 816 nunc

202 847 529 898 recordemur
583 850 633 897 et
687 848 958 898 haereticis
1013 849 1367 900 renuntiemus
1425 850 1535 900 eius
1590 866 1701 901 esse
1754 853 2066 916 promissum

203 935 435 985 homines
490 936 537 985 in
595 936 802 1003 angelos
858 935 1167 987 reformandi
1222 937 1542 1002 quandoque,
1607 939 1692 1002 qui
1754 941 1962 1006 angelos
2016 940 2064 989 in

201 1022 434 1073 homines
474 1023 708 1074 formarit
746 1019 1031 1089 aliquando.

278 1112 357 1162 10.
389 1111 557 1177 igitur
588 1128 686 1163 non
720 1112 979 1163 admissus
1006 1112 1068 1162 ad
1093 1114 1407 1164 consortium
1434 1114 1779 1180 exemplorum
1805 1116 2062 1176 creatoriS,
2102 1138 2137 1166 10

200 1200 260 1247 ut
306 1198 587 1250 alienorum
637 1201 686 1249 et
734 1215 854 1250 suas
902 1200 1201 1251 habentium
1251 1216 1447 1264 causas,
1493 1201 1648 1252 uelim
1699 1201 1817 1252 edas
1866 1205 1916 1252 et
1953 1201 2061 1267 ipse

200 1286 471 1336 consilium
514 1286 594 1337 dei
634 1287 727 1347 tui,
781 1303 879 1353 quo
923 1287 1184 1340 Christum
1225 1305 1376 1340 suurn
1416 1305 1513 1339 non
1553 1289 1602 1339 in
1641 1289 1857 1339 ueritate
1898 1290 2061 1340 carnis

201 1373 445 1424 exhibuit.
494 1375 539 1425 si
586 1378 887 1440 aspernatus
937 1379 1015 1427 est
1061 1377 1199 1426 illam
1250 1380 1308 1428 ut
1353 1380 1604 1428 terrenam
1656 1380 1718 1439 et,
1766 1380 1826 1428 ut
1872 1378 2061 1440 dicitis.

197 1461 509 1513 stercoribus
562 1462 823 1526 infersam,
888 1479 977 1514 cur
1029 1480 1125 1515 non
1183 1467 1234 1515 et
1287 1464 1618 1516 simulacrum
1681 1466 1790 1516 eius
1851 1465 2060 1530 proinde

198 1549 460 1614 despexit?
508 1551 701 1602 nullius
750 1551 882 1602 enim
933 1551 1281 1619 dedignandae
1328 1553 1400 1602 rei
1445 1553 1616 1620 imago
1665 1552 1917 1620 dignanda
1957 1556 2057 1604 est:
2095 1575 2131 1604 15

198 1636 430 1701 sequitur
455 1640 645 1688 statum
675 1639 979 1691 similitudo
1022 1640 1126 1691 ‘sed
1153 1640 1407 1706 quomodo
1431 1642 1564 1692 inter
1585 1641 1819 1692 homines
1853 1656 2058 1691 conuer-

197 1727 409 1785 saretur,
442 1726 540 1776 nisi
579 1742 668 1792 per
697 1727 975 1794 imaginem
1008 1729 1325 1779 substantiae
1356 1728 1655 1779 humanae'?
1690 1745 1778 1779 cur
1810 1744 1927 1795 ergo
1959 1745 2056 1779 non

195 1812 368 1877 potius
400 1828 489 1878 per
520 1814 808 1876 ueritatem,
847 1818 905 1866 ut
938 1831 1056 1865 uere
1090 1819 1493 1877 conuersaretin‘,
1528 1817 1570 1867 si
1602 1832 1809 1867 necesse
1840 1816 2062 1867 habebat

195 1900 519 1950 conuersari}>
575 1905 763 1968 quanto
814 1902 1017 1970 dignius
1067 1905 1349 1955 necessitas
1397 1904 1545 1955 fidem
1596 1921 1745 1970 quam
1796 1904 2058 1969 stropham

196 1987 627 2041 administrasset!
678 1991 803 2042 satis
853 1992 1095 2043 miserum
1138 1993 1288 2044 deum
1329 1994 1576 2057 instituis,
1617 1995 1711 2044 hoc
1750 1994 1880 2060 ipsO,
1924 1993 2058 2059 quod
2088 2009 2130 2038 20

197 2076 455 2128 Christum
492 2094 645 2129 suum
677 2096 774 2131 non
809 2081 980 2145 potuit
1013 2081 1244 2132 exhibere
1278 2082 1375 2132 nisi
1408 2082 1453 2132 in
1495 2083 1732 2150 indignae
1765 2084 1838 2133 rei
1872 2082 2058 2149 effigie,

194 2167 244 2214 et
278 2165 483 2230 quidem
526 2167 734 2218 alienae.
777 2169 1101 2234 aliquatenus
1143 2171 1276 2227 enim
1317 2171 1540 2238 indignis
1583 2172 1851 2222 conueniet
1882 2171 1973 2233 uti,
2015 2171 2058 2221 si

192 2253 399 2315 nostris,
442 2254 579 2305 sicut
618 2255 793 2306 alienis
834 2272 932 2306 non
976 2261 1224 2324 congruet
1262 2259 1356 2320 uti,
1398 2259 1520 2309 licet
1561 2259 1738 2326 dignis
1790 2275 1876 2309 cur
1924 2259 2057 2309 enim

191 2357 286 2392 non
326 2341 378 2391 in
419 2342 591 2408 aliqua
630 2344 728 2394 alia
769 2343 996 2411 digniore
1037 2346 1328 2397 substantia
1366 2347 1521 2398 uenit.
1572 2349 1623 2397 et
1666 2347 1898 2413 inprimis
1947 2363 2054 2408 sua,

191 2445 251 2479 ne
293 2432 344 2480 et
381 2429 590 2497 indigna
633 2434 682 2482 et
713 2432 877 2483 aliena
909 2433 1170 2483 uideretur
1202 2434 1442 2501 eguisse?
1484 2435 1522 2484 si
1568 2437 1761 2485 creator
1791 2450 1935 2485 meus
1968 2451 2056 2500 per
2086 2446 2126 2476 2⁵

190 2517 377 2567 rubum
427 2534 629 2584 quoque
672 2522 723 2569 et
761 2520 949 2587 ignem,
997 2521 1132 2571 idem
1180 2524 1360 2586 postea
1399 2539 1486 2589 per
1525 2523 1712 2574 nubem
1755 2525 1804 2573 et
1844 2522 2054 2590 globum

191 2620 306 2655 cum
369 2605 575 2658 homine
630 2623 937 2675 congressus
995 2613 1073 2660 est
1127 2613 1177 2660 et
1232 2611 1598 2662 elementorum
1654 2611 1950 2676 corporibus
2004 2610 2054 2660 in

189 2695 746 2758 repraesentationibus
797 2697 876 2747 sui
924 2713 1050 2747 usus
1101 2701 1193 2760 est,
1244 2699 1368 2749 satis
1417 2699 1542 2748 haec
1583 2699 1812 2764 exempla
1852 2697 2054 2748 diuinae

332 2837 375 2893 4]
411 2837 463 2880 cf.
495 2838 566 2879 Ps.
602 2838 696 2892 103,
728 2841 768 2881 4.
859 2840 932 2894 25]
969 2838 1021 2881 of.
1055 2839 1189 2882 Exod.
1223 2841 1262 2893 3,
1297 2840 1334 2884 2.
1426 2840 1499 2894 26]
1536 2838 1587 2881 cf.
1620 2837 1754 2881 Exod.
1792 2839 1856 2889 14,
1893 2838 1957 2880 19.

250 2925 269 2966 1
305 2925 479 2967 breuem
505 2928 560 2973 R,
594 2926 726 2969 breue
750 2927 855 2968 MF
932 2928 956 2969 2
990 2929 1194 2969 sumsisse
1220 2928 1280 2969 M
1362 2929 1386 2970 3
1420 2928 1605 2976 fuerant,
1639 2926 1716 2968 sed
1745 2927 1879 2981 uulgo
1969 2941 2044 2968 un-

189 2998 359 3041 deunde
400 3000 539 3041 Pam.-
577 2999 692 3042 unde
731 3000 831 3042 MR
978 3004 1120 3042 sumta
1158 3001 1224 3055 M,
1267 3005 1482 3056 sumptam
1515 3001 1559 3043 R
1704 3000 1831 3041 modo
1870 3001 2046 3042 mentiti

189 3073 363 3113 omnino
397 3073 456 3113 M
568 3074 595 3114 4
628 3072 816 3127 demissa
845 3074 1029 3127 scripsi:
1065 3073 1288 3115 dimissam
1319 3073 1418 3115 MR
1533 3073 1584 3115 10
1616 3072 1829 3114 admissus
1860 3071 1935 3125 Rss,
1969 3073 2043 3114 ad-

188 3145 367 3186 missum
400 3144 519 3187 MR1
598 3147 645 3187 11
682 3160 781 3187 suas
815 3159 896 3188 om.
929 3146 976 3187 F
1084 3146 1154 3187 uel
1185 3145 1379 3187 imendas
1410 3145 1469 3187 M
1542 3146 1593 3186 12
1625 3145 1691 3186 tui
1723 3145 1796 3193 R3,
1829 3145 1901 3186 uti‘
1925 3144 2045 3187 MR²

191 3220 239 3260 17
274 3220 490 3261 humanae
522 3233 603 3261 om.
636 3220 683 3262 F
766 3221 816 3262 19
851 3220 1074 3275 stropham
1099 3220 1230 3273 Mw,
1264 3219 1421 3261 stofam
1453 3219 1530 3267 R1,
1563 3218 1726 3260 scofam
1751 3217 1799 3259 F
1876 3219 1930 3259 22
1962 3220 2043 3260 ali-

189 3295 405 3347 quatenus
435 3293 613 3346 scripsz':
647 3293 881 3347 aliquantis
906 3293 1004 3336 MR
1094 3295 1158 3335 uti
1193 3294 1228 3334 si
1261 3293 1326 3343 M,
1361 3297 1408 3335 ut
1441 3294 1476 3334 si
1507 3291 1582 3346 131,
1616 3292 1680 3333 uti
1704 3291 1767 3333 R³
1840 3293 1894 3334 26
1927 3292 2042 3333 idem

187 3364 261 3416 ΗΒ,
294 3364 340 3406 id
372 3367 439 3407 est
470 3366 587 3408 MR¹
