2248 3646
215 267 281 316 64
584 262 774 314 Quinti
808 261 1038 316 Septimi
1071 260 1348 302 Florentis
1381 258 1713 301 Tertulliani

211 423 398 474 missos
455 423 517 473 ad
573 438 626 473 se
683 423 733 471 et
780 421 950 486 ipsum
1000 422 1262 486 postremo
1311 419 1576 471 dominum
1624 436 1774 471 suum
1824 420 2077 471 confecit?

213 510 302 561 sed
342 526 433 561 nec
473 510 568 560 ulli
610 509 814 559 omnino
855 511 1019 559 terrae
1062 509 1201 558 salus
1242 508 1632 573 repromittitur,
1683 523 1834 573 quam
1876 509 2078 573 oportet

213 614 328 648 cum
384 597 546 648 totius
602 596 779 646 mundi
835 595 1016 646 habitu
1068 595 1354 661 praeterire.
1404 595 1557 645 etiam
1615 596 1659 646 si
1706 595 1819 661 quis
1868 594 2078 645 audebit

211 689 394 735 terram
426 687 650 735 sanctam
681 682 974 748 paradisum
1002 683 1174 749 potius
1209 683 1569 750 argumentari,
1603 699 1758 747 quam
1791 685 1841 733 et
1871 685 2075 747 patrum

213 773 312 823 dici
361 772 544 838 capiat,
600 770 741 821 Adae
792 770 994 822 scilicet
1042 773 1092 820 et
1136 770 1293 831 Euae,
1333 770 1542 836 proinde
1593 773 1642 821 et
1688 771 1736 820 in
1782 771 2076 836 paradisum

210 861 470 912 restitutio
529 860 662 910 carni
716 858 979 909 uidebitur
1024 859 1350 923 repromissa,
1408 872 1535 923 quae
1583 875 1700 909 eum
1752 858 1972 909 incolare
2029 860 2078 907 et

212 949 473 1000 custodire
529 948 710 998 sortita
757 948 852 1009 est,
907 948 967 996 ut
1022 946 1141 997 talis
1190 946 1314 997 illuc
1362 947 1512 997 homo
1568 949 1854 1007 reuocetur,
1910 946 2075 1011 qualis

208 1037 324 1087 inde
366 1036 615 1101 depulsus
658 1037 752 1085 est.

284 1126 368 1175 27.
400 1124 666 1174 Habemus
702 1123 855 1173 etiam
890 1122 1321 1173 uestimentorum
1360 1122 1411 1171 in
1454 1122 1722 1187 scripturis
1766 1123 2073 1173 mentionem

211 1211 271 1262 ad
327 1227 469 1276 spem
527 1210 690 1260 carnis
740 1210 1085 1277 allegorizare,
1143 1209 1261 1275 quia
1318 1213 1366 1260 et
1422 1210 1743 1276 apocalypsis
1810 1210 2074 1261 Iohannis:

209 1301 272 1350 hi
323 1302 488 1361 sunt,
540 1299 624 1358 ait,
677 1299 782 1364 qui
831 1298 1238 1348 uestimenta
1287 1314 1401 1348 sua
1443 1314 1563 1348 non
1608 1298 2072 1363 coinquinaue—

209 1391 357 1437 runt
400 1403 539 1438 cum
580 1386 999 1445 mulieribus,
1049 1386 1279 1453 uirgines
1322 1387 1522 1437 scilicet
1562 1386 1854 1453 significans
1897 1390 1948 1437 et
1988 1387 2074 1453 qui

208 1476 517 1541 semetipsos
571 1477 927 1525 castrauemnt
981 1477 1188 1540 propter
1240 1490 1396 1541 regna
1458 1475 1731 1526 caelorum.
1796 1475 1968 1540 itaque
2024 1476 2072 1525 in

209 1563 339 1613 albis
381 1565 529 1613 erunt
568 1562 821 1626 uestibUS,
864 1562 916 1612 id
957 1566 1035 1613 est
1073 1562 1123 1611 in
1173 1562 1403 1612 claritate
1443 1563 1661 1612 innubae
1703 1562 1884 1614 carnis,
1934 1565 1985 1613 et
2023 1563 2072 1612 in

209 1652 476 1717 euangelio
508 1651 870 1701 indumentum
904 1651 1134 1716 nuptiale
1161 1651 1409 1701 sanctitas
1444 1651 1606 1701 carnis
1640 1651 1848 1716 agnosci
1882 1653 2070 1717 potest.

207 1738 380 1802 itaque
421 1739 600 1788 Esaias
642 1737 846 1802 docenS,
899 1738 1047 1802 quale
1093 1738 1343 1788 ieiunium
1393 1738 1604 1804 elegerit
1651 1738 1904 1800 dominus,
1954 1753 2069 1788 cum

210 1826 402 1876 subicit
449 1826 508 1876 de
556 1826 790 1877 mercede
836 1825 1109 1877 bonitatis:
1158 1829 1328 1888 tunc,
1383 1826 1565 1891 inquit,
1620 1826 1835 1877 lumen
1888 1829 2068 1877 tuum

208 1918 704 1980 temporaneum
763 1917 1058 1979 erumpet
1121 1918 1181 1965 et
1242 1916 1645 1966 uestimenta
1698 1919 1807 1967 tua
1864 1917 2068 1967 citius

209 2003 520 2064 orientur,
569 2019 666 2053 non
717 2002 1033 2053 subsericam
1082 2003 1261 2068 utique
1308 2019 1399 2053 nec
1454 2004 1669 2069 pallium
1726 2004 1814 2055 sed
1869 2020 2069 2054 carnem

204 2092 382 2142 uolens
434 2091 612 2155 accipi,
663 2091 831 2140 ortum
882 2090 1046 2141 carnis
1098 2094 1477 2142 resurrecturae
1534 2091 1593 2142 de
1650 2093 1829 2143 mortis
1887 2108 2071 2143 occasu

202 2178 534 2245 praedicauit.
600 2178 724 2229 adeo
773 2179 920 2229 nobis
971 2195 1174 2244 quoque
1223 2180 1453 2245 suppetit
1516 2180 1788 2247 allegorice
1844 2181 2069 2231 defensio

205 2267 480 2332 corporalis
543 2267 949 2318 resurrectionis.
1012 2283 1127 2318 nam
1191 2272 1240 2318 et
1295 2283 1411 2318 cum
1473 2269 1720 2335 legimus:
1784 2269 2068 2334 populus

204 2370 401 2416 meUS,
466 2354 748 2405 introite
803 2355 864 2405 in
936 2355 1144 2406 cellas
1202 2372 1457 2421 promas
1512 2356 1917 2422 quantulum,
1976 2357 2070 2407 do*

204 2458 315 2493 nec
377 2444 472 2492 ira
521 2459 649 2494 mea
702 2446 1100 2509 praetereat,
1159 2445 1396 2509 sepulcra
1443 2447 1592 2495 erunt
1641 2445 1797 2496 cellae
1845 2461 2067 2512 promae,

202 2531 251 2580 in
287 2531 473 2595 quibus
507 2531 771 2598 paulisper
803 2531 1121 2597 requiescere
1162 2532 1423 2582 habebunt
1456 2532 1542 2597 qui
1573 2532 1622 2582 in
1659 2532 1840 2583 finibus
1876 2533 2068 2583 saeculi

205 2620 298 2668 sub
335 2620 518 2669 ultima
550 2619 623 2669 ira
654 2635 743 2685 per
769 2620 1057 2670 antichristi
1090 2620 1197 2670 uim
1231 2620 1554 2670 excesserint.
1589 2623 1677 2671 aut
1703 2637 1792 2672 cur
1825 2622 2067 2672 cellarum

203 2722 496 2771 promarum
551 2707 724 2771 potius
782 2707 1034 2758 uocabulo
1089 2723 1216 2758 usus
1274 2711 1366 2770 est,
1432 2711 1481 2759 et
1534 2725 1631 2760 non
1688 2709 1907 2760 alicuius
1966 2709 2066 2760 loci

349 2864 392 2918 3]
428 2862 479 2906 cf.
514 2863 535 2904 I
567 2863 663 2906 Cor.
698 2864 735 2917 7,
770 2864 838 2905 31.
958 2865 1008 2918 4]
1037 2864 1089 2908 cf.
1125 2863 1228 2906 Gen.
1263 2865 1331 2918 31,
1366 2865 1410 2914 33
1445 2865 1514 2919 48,
1549 2865 1615 2907 21.
1726 2865 1793 2920 11]
1827 2870 1960 2921 Apoc.
1998 2867 2063 2915 14,

202 2936 246 2984 4;
283 2937 321 2990 3,
356 2937 396 2977 4.
489 2936 558 2990 13]
595 2936 646 2977 cf.
679 2936 837 2978 Matth.
873 2938 939 2991 19,
976 2937 1041 2978 12.
1144 2938 1212 2992 14]
1247 2937 1299 2979 cf.
1334 2940 1467 2993 Apoc.
1502 2940 1541 2992 3,
1574 2940 1613 2981 5.
1713 2939 1782 2994 15]
1820 2939 1871 2981 cf.
1903 2939 2063 2982 Matth.

202 3010 271 3062 22,
305 3010 371 3051 11.
466 3009 536 3064 17]
571 3009 641 3051 Es.
676 3010 743 3059 58,
778 3009 815 3053 8.
908 3011 980 3064 22]
1014 3010 1087 3052 Es.
1121 3011 1188 3065 26,
1222 3011 1289 3053 20.

262 3113 280 3152 1
317 3112 473 3153 missos
506 3110 561 3153 ad
594 3125 637 3154 se
663 3111 774 3166 MF,
807 3111 861 3154 ad
896 3126 940 3154 se
974 3113 1127 3155 missos
1152 3114 1194 3154 P
1215 3113 1349 3169 uulyo
1469 3113 1657 3157 confecit
1677 3113 2059 3166 PMFOR1‚0011-

201 3184 295 3226 fixit
333 3183 396 3226 RB
412 3185 547 3240 uulgo
667 3185 691 3226 6
729 3186 918 3227 incolere
955 3184 992 3227 C
1091 3186 1116 3228 8
1157 3186 1363 3241 depulsus
1395 3187 1572 3241 FR¹m9
1614 3191 1682 3238 (επ
1714 3187 2061 3242 Hirsauyiensi),

201 3257 352 3313 pulsus
398 3257 678 3313 PMRuulyo
844 3259 896 3300 14
935 3259 1125 3301 innubae
1179 3260 1286 3314 Rz'y:
1342 3260 1503 3302 innube
1551 3260 1704 3311 PMF,
1758 3262 1801 3302 in
1856 3262 1971 3304 nube
2016 3263 2060 3306 R

203 3331 254 3372 19
280 3331 545 3373 subsericam
575 3323 678 3374 Gel:
704 3332 973 3374 subscribam
998 3332 1149 3388 PMF,
1177 3333 1432 3375 subuculam
1458 3333 1501 3374 B
1582 3334 1631 3374 21
1661 3334 1894 3388 allegorice
1921 3335 2066 3378 PMF

201 3405 271 3458 (z
299 3403 556 3461 ἀλληγορική
583 3418 637 3447 sc.
665 3405 828 3461 τέχνη),
854 3406 1088 3460 allegorica
1115 3405 1198 3448 Gal
1220 3406 1381 3460 reliqui
1471 3407 1524 3448 23
1552 3407 1808 3461 quantulum
1837 3428 1888 3442 ε
1914 3409 2056 3463 μικρὸν

201 3475 298 3516 ὅσον
332 3477 467 3531 (Ereq)
557 3478 610 3518 27
643 3491 746 3519 usus
780 3478 992 3519 uocabulo
1025 3477 1072 3519 F

2130 790 2150 819 5

2108 1228 2146 1260 10

2107 1670 2144 1701 15

2104 2109 2145 2140 20

2099 2548 2140 2579 25
