2248 3646
510 288 604 329 VII.
636 287 896 328 Aduersus
926 285 1244 326 Marcionem
1274 283 1350 325 lib.
1380 284 1467 325 1111
1497 285 1677 327 24—25.
1903 288 2004 339 503

193 446 509 497 uocabitur
554 446 609 493 et
654 459 762 493 non
808 441 1096 491 transibit
1157 440 1286 489 illic
1339 440 1682 491 inmundum
1737 457 1837 491 nec
1893 443 2008 491 erit

192 532 323 582 illic
369 530 464 580 uia
515 528 813 586 inmunda;
869 527 966 590 qui
1014 528 1215 576 autom
1264 525 1522 588 dispersi
1569 530 1739 577 erunt
1784 527 2005 578 uadent

189 618 243 667 in
284 632 346 666 ea
384 619 440 665 et
477 630 584 664 non
626 614 922 671 errabunt,
964 614 1020 660 et
1056 625 1170 660 non
1212 611 1324 659 erit
1354 610 1467 659 iam
1498 611 1629 661 illic
1670 612 1761 662 leo
1801 628 1904 663 nec
1946 628 2007 662 ex

188 701 410 752 bestiis
449 699 729 764 pessimis
771 697 1083 761 quicquam
1132 695 1413 745 ascendet
1449 696 1505 744 in
1547 711 1667 745 eam
1707 712 1811 747 nec
1849 698 2007 747 inue-

142 805 162 834 5
189 788 389 837 nietur
417 785 566 844 illio,
594 799 706 833 cum
739 783 907 832 ‘uiam'
938 781 1087 830 fidem
1120 781 1437 841 demonstret,
1470 796 1557 845 per
1589 797 1736 845 quam
1769 782 1831 831 ad
1864 782 2015 833 deum

189 871 554 935 perueniemUS,
593 869 692 918 iam
730 871 849 917 tunc
889 866 1049 916 eidem
1089 865 1220 925 uiae,
1259 865 1309 914 id
1350 869 1427 915 est
1463 866 1594 926 fidei,
1635 867 1758 918 hanc
1801 882 2015 919 euacua-

189 958 375 1006 tionem
416 959 467 1005 et
506 954 868 1005 subiectionem
905 951 1186 1001 bestiarum
1225 951 1509 1014 pollicetur.
1550 952 1760 1016 denique
1801 956 1855 1003 et
1889 956 2016 1004 tem-

188 1058 306 1107 pora
329 1040 676 1105 promissionis
703 1053 972 1104 congruere
1003 1037 1251 1097 inuonias,
1285 1037 1327 1086 si
1360 1052 1484 1100 quae
1516 1038 1821 1087 antecedunt,
1849 1038 2014 1105 legas:

188 1127 568 1186 inualescite,
607 1140 810 1173 manus
858 1122 1147 1172 dimissae
1194 1125 1252 1172 et
1297 1138 1486 1187 genua
1529 1122 1830 1173 resoluta:
1871 1128 2017 1175 tunc

122 1227 161 1258 ιο
191 1212 486 1278 patefient
533 1210 692 1260 oculi
740 1224 1046 1258 caecorum
1115 1211 1168 1257 et
1214 1223 1382 1257 aures
1442 1207 1760 1257 exaudient
1812 1210 2016 1260 surdo-

189 1314 337 1358 rum;
386 1300 527 1347 tunc
568 1295 748 1345 saliet
786 1294 1036 1344 claudus
1075 1296 1144 1342 ut
1184 1308 1396 1343 ceruus
1445 1300 1500 1342 et
1546 1294 1705 1342 clara
1745 1295 1866 1344 erit
1914 1296 2018 1344 lin-

193 1398 304 1447 gua
342 1385 652 1432 mutorum.
691 1380 847 1445 igitur
877 1380 964 1429 ubi
1001 1378 1363 1427 medicinarum
1406 1378 1561 1427 edidit
1599 1379 1860 1442 beneficia,
1899 1383 2017 1431 tunc

192 1472 240 1518 et
280 1468 500 1531 scorpios
542 1470 590 1516 et
628 1468 882 1531 serpentes
925 1466 1114 1515 sanctis
1155 1466 1258 1515 suis
1293 1465 1530 1515 sulnliilit,
1567 1466 1651 1513 ille
1686 1466 1902 1527 scilicet,
1935 1469 2019 1531 qui

189 1554 314 1602 hanc
354 1554 674 1616 potestatem,
713 1554 769 1600 ut
808 1554 856 1600 et
888 1551 997 1599 aliis
1030 1552 1322 1614 przmstaret,
1363 1551 1493 1613 prior
1527 1554 1792 1613 acceperat
1822 1567 1848 1599 a
1880 1558 2017 1616 patre

122 1653 162 1681 15
196 1641 243 1687 et
283 1637 558 1688 secundum
599 1636 819 1685 ordinem
856 1635 1242 1699 praedicationis
1283 1635 1517 1684 exhibuit.

266 1724 345 1772 25.
394 1722 517 1785 Quis
564 1722 794 1771 dominus
841 1721 965 1770 caeli
1010 1720 1345 1769 inwacabitur.
1401 1721 1482 1783 qui
1532 1736 1624 1768 non
1674 1722 1813 1784 >prius
1862 1724 2020 1772 factor

199 1808 511 1859 ostenditur?
551 1807 779 1872 gratias
813 1806 960 1866 enim,
993 1806 1173 1869 inquit,
1209 1821 1314 1869 ago
1350 1810 1401 1853 ei
1437 1807 1753 1858 Confiteor.
1789 1808 2017 1857 domine

200 1893 365 1953 caeli,
415 1892 566 1957 quod
613 1908 690 1951 ea,
740 1906 885 1956 quae
933 1893 1098 1940 erant
1147 1891 1497 1940 abscondita
1538 1893 1921 1955 sapientibus
1964 1897 2019 1943 et

198 1978 613 2043 prudentibus,
652 1977 1024 2027 reuelaueris
1066 1976 1354 2040 paruulis.
1402 1992 1527 2040 quae
1566 1979 1700 2026 ista?
1750 1982 1799 2027 et
1838 1980 2017 2029 cuius?

130 2081 171 2111 20
201 2067 251 2113 et
296 2079 324 2112 a
368 2079 464 2128 quo
512 2063 836 2112 abscondita?
883 2065 933 2112 et
965 2077 990 2110 a
1030 2076 1125 2126 quo
1165 2061 1419 2111 reuelata‘?
1467 2063 1509 2112 si
1548 2077 1575 2110 a
1615 2063 1706 2113 deo
1746 2065 2017 2114 Marcionis

199 2149 492 2199 abscondita
537 2152 586 2198 et
629 2148 866 2204 reuelata,
914 2148 998 2211 qui
1045 2146 1242 2197 omnino
1284 2148 1410 2197 nibil
1447 2149 1787 2213 praemiserat,
1830 2150 1878 2199 in
1921 2166 2017 2213 quo

200 2234 388 2298 aliquid
428 2235 775 2284 absconditum
817 2250 926 2284 esse
969 2235 1233 2297 potuisset,
1273 2251 1366 2284 non
1407 2235 1711 2298 prophetias,
1751 2252 1846 2286 non
1879 2252 2019 2301 para-

199 2321 356 2374 bolas,
389 2336 482 2370 non
511 2321 748 2380 uisiones,
782 2336 875 2369 non
901 2322 1003 2369 ulla
1028 2336 1191 2369 reruni
1221 2324 1304 2368 aut
1337 2321 1606 2369 uerborum
1640 2324 1727 2370 aut
1758 2323 2018 2371 nominum

202 2413 491 2470 argumenta
540 2422 623 2468 por
669 2406 932 2470 allegorias
983 2410 1029 2454 et
1075 2408 1255 2460 {iunias
1308 2407 1384 2453 nol
1429 2406 1768 2470 aenigmatum
1809 2407 2016 2457 nebulas

131 2503 171 2533 25
203 2491 528 2540 obumbrata?
576 2491 660 2539 sed
707 2492 880 2554 ‘ipsam
927 2491 1323 2555 magnitudinem
1366 2491 1443 2539 sui
1483 2492 1827 2552 absconderat,
1869 2508 2016 2556 quam

203 2590 313 2624 cum
353 2576 564 2625 maxime
604 2592 689 2640 per
728 2576 982 2626 Christum
1023 2576 1310 2626 reuelabat'.
1355 2577 1476 2625 satis
1509 2577 1692 2639 inique.
1727 2577 1847 2640 quid
1887 2578 2018 2628 enim

203 2661 511 2725 deliquerant
571 2662 817 2726 sapientes
881 2667 929 2711 et
987 2661 1274 2726 prudenteS,
1343 2665 1401 2711 ut
1459 2662 1849 2712 absconderetur
1914 2664 2015 2713 illis

203 2747 341 2807 deus,
387 2747 447 2796 ad
492 2763 637 2811 quem
686 2748 1085 2812 cognoscendum
1130 2762 1224 2796 non
1273 2748 1539 2797 suffecerat
1584 2749 1829 2812 sapientia
1868 2751 2016 2812 atque

202 2832 462 2897 prudent-ia
497 2833 714 2889 illorum,
754 2833 891 2881 nulla
927 2832 1011 2881 uia
1050 2831 1164 2881 data
1202 2831 1259 2881 ab
1298 2831 1408 2895 ipso
1440 2848 1527 2896 per
1558 2832 1778 2895 aliquam
1811 2848 2015 2897 operum

344 2944 386 2997 9]
419 2945 488 2986 Es.
519 2944 585 2992 35,
617 2945 656 2985 3.
689 2945 810 2984 5—6.
902 2944 970 2997 17]
1001 2943 1100 2984 Luc.
1136 2943 1200 2995 10,
1231 2943 1297 2983 21.

260 3046 284 3085 5
316 3043 425 3083 uiam
458 3041 584 3083 fidem
608 3042 673 3094 M,
704 3043 817 3083 uiam
848 3041 953 3082 fides
977 3041 1033 3093 R,
1064 3042 1135 3082 uia
1164 3041 1291 3082 fidem
1316 3041 1414 3095 Ray,
1445 3042 1560 3082 uiam
1590 3042 1691 3083 fidei
1716 3043 1807 3083 Iun
1865 3043 1889 3083 6
1916 3055 2014 3083 eua-

206 3114 443 3155 cuationem
472 3114 582 3158 MR.
615 3113 906 3167 erogationem
937 3112 1027 3153 Lat
1173 3113 1222 3154 19
1254 3113 1512 3153 reuelaueris
1543 3113 1598 3165 R,
1630 3113 1890 3154 reuelauerit
1918 3113 2021 3154 MF

206 3185 260 3226 20
292 3187 334 3225 et
365 3198 388 3225 a
413 3198 492 3238 quo
516 3183 1015 3225 reuelata—abscondita
1036 3184 1086 3224 in
1108 3183 1162 3224 M
1185 3183 1249 3223 bis
1273 3187 1520 3235 comparent
1579 3183 1629 3222 21
1659 3183 1729 3235 qui
1755 3202 1806 3218 z
1831 3186 2014 3237 quare?‚

206 3256 307 3309 Eny
334 3254 649 3297 rescribendum
673 3260 832 3296 censet:
855 3255 891 3294 si
916 3267 940 3294 a
964 3253 1042 3294 deo
1066 3253 1308 3301 Marcionis,
1341 3251 1586 3293 abscondit
1616 3257 1660 3293 et
1689 3253 1919 3294 reuelauit
1942 3254 2015 3307 qui

208 3327 378 3367 omnino
409 3326 518 3366 nihil
546 3326 824 3379 praemiserat
888 3324 941 3367 25
973 3323 1238 3365 obumbrata.
1272 3323 1346 3363 sed
1375 3323 1508 3376 uulyo
1539 3324 1670 3376 (Eny)
1735 3325 1788 3365 27
1822 3324 2014 3377 delique-

206 3399 303 3437 rant
331 3397 386 3445 R,
418 3395 708 3450 delinquerint
737 3396 793 3436 M
821 3395 1121 3448 delinquerant
1150 3394 1195 3435 F
1278 3394 1332 3434 29
1363 3393 1561 3435 illorum?
1592 3395 1710 3435 nulla
1739 3394 1871 3448 zculyo
