<?xml version="1.0" encoding="UTF-8"?>
<!DOCTYPE html PUBLIC "-//W3C//DTD XHTML 1.0 Transitional//EN"
    "http://www.w3.org/TR/xhtml1/DTD/xhtml1-transitional.dtd">
<html xmlns="http://www.w3.org/1999/xhtml" xml:lang="en" lang="en">
 <head>
  <title>
</title>
<meta http-equiv="Content-Type" content="text/html;charset=utf-8" />
  <meta name='ocr-system' content='tesseract 3.04.00' />
  <meta name='ocr-capabilities' content='ocr_page ocr_carea ocr_par ocr_line ocrx_word'/>
</head>
<body>
  <div class='ocr_page' id='page_1' title='image "./quintiseptimiflo47tertuoft_0438.png"; bbox 0 0 2248 3646; ppageno 0'>
   <div class='ocr_carea' id='block_1_1' title="bbox 167 237 1665 298">
    <p class='ocr_par' dir='ltr' id='par_1_1' title="bbox 167 237 1665 298">
     <span class='ocr_line' id='line_1_1' title="bbox 167 237 1665 298; baseline -0.005 -13"><span class='ocrx_word' id='word_1_1' title='bbox 167 248 268 298; x_wconf 64' lang='lat'>398</span> <span class='ocrx_word' id='word_1_2' title='bbox 537 241 726 294; x_wconf 83' lang='lat' dir='ltr'>Quinti</span> <span class='ocrx_word' id='word_1_3' title='bbox 760 239 989 294; x_wconf 84' lang='lat' dir='ltr'>Septimi</span> <span class='ocrx_word' id='word_1_4' title='bbox 1021 237 1300 280; x_wconf 85' lang='lat' dir='ltr'>Florentis</span> <span class='ocrx_word' id='word_1_5' title='bbox 1334 237 1665 279; x_wconf 79' lang='lat' dir='ltr'>Tertulliani</span> 
     </span>
    </p>
   </div>
   <div class='ocr_carea' id='block_1_2' title="bbox 158 396 2029 2924">
    <p class='ocr_par' dir='ltr' id='par_1_2' title="bbox 158 396 2029 2749">
     <span class='ocr_line' id='line_1_2' title="bbox 166 396 2029 470; baseline -0.004 -16"><span class='ocrx_word' id='word_1_6' title='bbox 166 406 500 470; x_wconf 86' lang='lat' dir='ltr'>argentum.</span> <span class='ocrx_word' id='word_1_7' title='bbox 544 400 602 452; x_wconf 88' lang='lat' dir='ltr'>de</span> <span class='ocrx_word' id='word_1_8' title='bbox 642 401 731 452; x_wconf 89' lang='lat' dir='ltr'>illo</span> <span class='ocrx_word' id='word_1_9' title='bbox 774 403 941 450; x_wconf 85' lang='lat' dir='ltr'>autem</span> <span class='ocrx_word' id='word_1_10' title='bbox 984 401 1107 449; x_wconf 88' lang='lat' dir='ltr'>tunc</span> <span class='ocrx_word' id='word_1_11' title='bbox 1148 397 1257 448; x_wconf 87' lang='lat' dir='ltr'>auri</span> <span class='ocrx_word' id='word_1_12' title='bbox 1296 414 1503 448; x_wconf 91' lang='lat' dir='ltr'>munere</span> <span class='ocrx_word' id='word_1_13' title='bbox 1545 398 1699 448; x_wconf 88' lang='lat' dir='ltr'>etiam</span> <span class='ocrx_word' id='word_1_14' title='bbox 1739 396 1930 448; x_wconf 87' lang='lat' dir='ltr'>Dauid:</span> <span class='ocrx_word' id='word_1_15' title='bbox 1972 400 2029 447; x_wconf 81' lang='lat' dir='ltr'>et</span> 
     </span>
     <span class='ocr_line' id='line_1_3' title="bbox 165 484 2024 552; baseline -0.005 -9"><span class='ocrx_word' id='word_1_16' title='bbox 165 492 410 542; x_wconf 83' lang='lat' dir='ltr'>dabitur</span> <span class='ocrx_word' id='word_1_17' title='bbox 454 490 551 541; x_wconf 89' lang='lat' dir='ltr'>illi</span> <span class='ocrx_word' id='word_1_18' title='bbox 601 505 665 539; x_wconf 83' lang='lat' dir='ltr'>ex</span> <span class='ocrx_word' id='word_1_19' title='bbox 706 505 847 539; x_wconf 87' lang='lat' dir='ltr'>auro</span> <span class='ocrx_word' id='word_1_20' title='bbox 889 487 1161 548; x_wconf 78' lang='lat' dir='ltr'>Arabiae,</span> <span class='ocrx_word' id='word_1_21' title='bbox 1213 489 1265 536; x_wconf 90' lang='lat' dir='ltr'>et</span> <span class='ocrx_word' id='word_1_22' title='bbox 1300 501 1501 537; x_wconf 88' lang='lat' dir='ltr'>rursus:</span> <span class='ocrx_word' id='word_1_23' title='bbox 1549 501 1724 552; x_wconf 89' lang='lat' dir='ltr'>reges</span> <span class='ocrx_word' id='word_1_24' title='bbox 1765 484 2024 535; x_wconf 79' lang='lat' dir='ltr'><strong>Arabum</strong></span> 
     </span>
     <span class='ocr_line' id='line_1_4' title="bbox 165 571 2028 639; baseline -0.004 -9"><span class='ocrx_word' id='word_1_25' title='bbox 165 584 222 629; x_wconf 89' lang='lat' dir='ltr'>et</span> <span class='ocrx_word' id='word_1_26' title='bbox 263 578 417 630; x_wconf 85' lang='lat' dir='ltr'>Saba</span> <span class='ocrx_word' id='word_1_27' title='bbox 455 592 702 628; x_wconf 88' lang='lat' dir='ltr'>munera</span> <span class='ocrx_word' id='word_1_28' title='bbox 743 575 1010 627; x_wconf 80' lang='lat' dir='ltr'>offerent</span> <span class='ocrx_word' id='word_1_29' title='bbox 1048 574 1162 623; x_wconf 88' lang='lat' dir='ltr'>illi.</span> <span class='ocrx_word' id='word_1_30' title='bbox 1205 589 1322 623; x_wconf 90' lang='lat' dir='ltr'>nam</span> <span class='ocrx_word' id='word_1_31' title='bbox 1362 576 1412 622; x_wconf 90' lang='lat' dir='ltr'>et</span> <span class='ocrx_word' id='word_1_32' title='bbox 1450 588 1629 639; x_wconf 89' lang='lat' dir='ltr'>magos</span> <span class='ocrx_word' id='word_1_33' title='bbox 1669 588 1815 639; x_wconf 90' lang='lat' dir='ltr'>reges</span> <span class='ocrx_word' id='word_1_34' title='bbox 1848 571 2028 625; x_wconf 88' lang='lat' dir='ltr'>habuit</span> 
     </span>
     <span class='ocr_line' id='line_1_5' title="bbox 162 660 2025 727; baseline -0.004 -10"><span class='ocrx_word' id='word_1_35' title='bbox 162 667 266 718; x_wconf 88' lang='lat' dir='ltr'>fere</span> <span class='ocrx_word' id='word_1_36' title='bbox 307 667 471 717; x_wconf 87' lang='lat' dir='ltr'>oriens</span> <span class='ocrx_word' id='word_1_37' title='bbox 512 668 563 715; x_wconf 90' lang='lat' dir='ltr'>et</span> <span class='ocrx_word' id='word_1_38' title='bbox 595 665 879 715; x_wconf 76' lang='lat' dir='ltr'><strong>Damascus</strong></span> <span class='ocrx_word' id='word_1_39' title='bbox 920 662 1136 712; x_wconf 77' lang='lat' dir='ltr'>Arabiae</span> <span class='ocrx_word' id='word_1_40' title='bbox 1175 662 1309 711; x_wconf 85' lang='lat' dir='ltr'>retro</span> <span class='ocrx_word' id='word_1_41' title='bbox 1352 660 1712 727; x_wconf 68' lang='lat' dir='ltr'>deputabatur,</span> <span class='ocrx_word' id='word_1_42' title='bbox 1754 662 2025 725; x_wconf 89' lang='lat' dir='ltr'>antequam</span> 
     </span>
     <span class='ocr_line' id='line_1_6' title="bbox 162 746 2024 820; baseline -0.005 -14"><span class='ocrx_word' id='word_1_43' title='bbox 162 755 468 820; x_wconf 82' lang='lat' dir='ltr'>transcripta</span> <span class='ocrx_word' id='word_1_44' title='bbox 514 755 653 804; x_wconf 85' lang='lat' dir='ltr'>esset</span> <span class='ocrx_word' id='word_1_45' title='bbox 696 752 747 802; x_wconf 88' lang='lat' dir='ltr'>in</span> <span class='ocrx_word' id='word_1_46' title='bbox 795 750 1204 817; x_wconf 74' lang='lat' dir='ltr'>Syrophoenicen</span> <span class='ocrx_word' id='word_1_47' title='bbox 1261 765 1318 799; x_wconf 81' lang='lat' dir='ltr'>ex</span> <span class='ocrx_word' id='word_1_48' title='bbox 1366 748 1694 800; x_wconf 82' lang='lat' dir='ltr'>distinctione</span> <span class='ocrx_word' id='word_1_49' title='bbox 1750 746 2024 813; x_wconf 81' lang='lat' dir='ltr'>Syriarum,</span> 
     </span>
     <span class='ocr_line' id='line_1_7' title="bbox 163 835 2025 903; baseline -0.004 -9"><span class='ocrx_word' id='word_1_50' title='bbox 163 844 310 894; x_wconf 81' lang='lat' dir='ltr'>cuius</span> <span class='ocrx_word' id='word_1_51' title='bbox 349 846 471 893; x_wconf 88' lang='lat' dir='ltr'>tunc</span> <span class='ocrx_word' id='word_1_52' title='bbox 504 841 750 891; x_wconf 86' lang='lat' dir='ltr'>uirtutem</span> <span class='ocrx_word' id='word_1_53' title='bbox 786 838 1021 891; x_wconf 89' lang='lat' dir='ltr'>Christus</span> <span class='ocrx_word' id='word_1_54' title='bbox 1063 837 1263 903; x_wconf 85' lang='lat' dir='ltr'>accepit</span> <span class='ocrx_word' id='word_1_55' title='bbox 1302 836 1596 901; x_wconf 90' lang='lat' dir='ltr'>accipiendo</span> <span class='ocrx_word' id='word_1_56' title='bbox 1637 835 1859 902; x_wconf 86' lang='lat' dir='ltr'>insignia</span> <span class='ocrx_word' id='word_1_57' title='bbox 1898 836 2025 897; x_wconf 86' lang='grc'>01110,</span> 
     </span>
     <span class='ocr_line' id='line_1_8' title="bbox 164 923 2026 992; baseline -0.003 -12"><span class='ocrx_word' id='word_1_58' title='bbox 164 947 344 982; x_wconf 89' lang='lat' dir='ltr'>aurum</span> <span class='ocrx_word' id='word_1_59' title='bbox 386 930 592 982; x_wconf 75' lang='lat' dir='ltr'>scilicet⁴</span> <span class='ocrx_word' id='word_1_60' title='bbox 626 931 677 978; x_wconf 92' lang='lat' dir='ltr'>et</span> <span class='ocrx_word' id='word_1_61' title='bbox 716 927 913 983; x_wconf 81' lang='lat' dir='ltr'>odores,</span> <span class='ocrx_word' id='word_1_62' title='bbox 956 925 1121 992; x_wconf 86' lang='lat' dir='ltr'>spolia</span> <span class='ocrx_word' id='word_1_63' title='bbox 1161 929 1334 977; x_wconf 83' lang='lat' dir='ltr'>autem</span> <span class='ocrx_word' id='word_1_64' title='bbox 1368 923 1624 975; x_wconf 83' lang='lat' dir='ltr'>Samariae</span> <span class='ocrx_word' id='word_1_65' title='bbox 1656 924 1797 988; x_wconf 88' lang='lat' dir='ltr'>ipsos</span> <span class='ocrx_word' id='word_1_66' title='bbox 1829 939 2026 990; x_wconf 79' lang='lat' dir='ltr'>magOS,</span> 
     </span>
     <span class='ocr_line' id='line_1_9' title="bbox 164 1012 2026 1083; baseline -0.004 -14"><span class='ocrx_word' id='word_1_67' title='bbox 164 1019 249 1083; x_wconf 88' lang='lat' dir='ltr'>qui</span> <span class='ocrx_word' id='word_1_68' title='bbox 291 1034 403 1069; x_wconf 92' lang='lat' dir='ltr'>cum</span> <span class='ocrx_word' id='word_1_69' title='bbox 446 1017 591 1067; x_wconf 88' lang='lat' dir='ltr'>illum</span> <span class='ocrx_word' id='word_1_70' title='bbox 636 1015 1003 1081; x_wconf 86' lang='lat' dir='ltr'>cognouissent</span> <span class='ocrx_word' id='word_1_71' title='bbox 1035 1017 1085 1064; x_wconf 88' lang='lat' dir='ltr'>et</span> <span class='ocrx_word' id='word_1_72' title='bbox 1116 1012 1414 1064; x_wconf 86' lang='lat' dir='ltr'>muneribus</span> <span class='ocrx_word' id='word_1_73' title='bbox 1446 1012 1782 1063; x_wconf 74' lang='lat' dir='ltr'>honorassent</span> <span class='ocrx_word' id='word_1_74' title='bbox 1814 1014 1864 1062; x_wconf 90' lang='lat' dir='ltr'>et</span> <span class='ocrx_word' id='word_1_75' title='bbox 1895 1027 2026 1079; x_wconf 90' lang='lat' dir='ltr'>genu</span> 
     </span>
     <span class='ocr_line' id='line_1_10' title="bbox 161 1099 2025 1171; baseline -0.004 -14"><span class='ocrx_word' id='word_1_76' title='bbox 161 1106 330 1171; x_wconf 90' lang='lat' dir='ltr'>posito</span> <span class='ocrx_word' id='word_1_77' title='bbox 366 1105 664 1156; x_wconf 74' lang='lat' dir='ltr'>adorassent</span> <span class='ocrx_word' id='word_1_78' title='bbox 695 1102 841 1169; x_wconf 90' lang='lat' dir='ltr'>quasi</span> <span class='ocrx_word' id='word_1_79' title='bbox 875 1102 1026 1153; x_wconf 87' lang='lat' dir='ltr'>deum</span> <span class='ocrx_word' id='word_1_80' title='bbox 1068 1104 1118 1151; x_wconf 90' lang='lat' dir='ltr'>et</span> <span class='ocrx_word' id='word_1_81' title='bbox 1155 1116 1328 1167; x_wconf 90' lang='lat' dir='ltr'>regem</span> <span class='ocrx_word' id='word_1_82' title='bbox 1371 1100 1464 1150; x_wconf 88' lang='lat' dir='ltr'>sub</span> <span class='ocrx_word' id='word_1_83' title='bbox 1505 1099 1803 1150; x_wconf 88' lang='lat' dir='ltr'>testimonio</span> <span class='ocrx_word' id='word_1_84' title='bbox 1843 1099 2025 1150; x_wconf 88' lang='lat' dir='ltr'>indicis</span> 
     </span>
     <span class='ocr_line' id='line_1_11' title="bbox 163 1187 2024 1257; baseline -0.004 -12"><span class='ocrx_word' id='word_1_85' title='bbox 163 1198 213 1246; x_wconf 90' lang='lat' dir='ltr'>et</span> <span class='ocrx_word' id='word_1_86' title='bbox 253 1193 398 1245; x_wconf 90' lang='lat' dir='ltr'>ducis</span> <span class='ocrx_word' id='word_1_87' title='bbox 440 1192 636 1252; x_wconf 88' lang='lat' dir='ltr'>stellae,</span> <span class='ocrx_word' id='word_1_88' title='bbox 679 1190 846 1257; x_wconf 88' lang='lat' dir='ltr'>spolia</span> <span class='ocrx_word' id='word_1_89' title='bbox 892 1191 1012 1240; x_wconf 86' lang='lat' dir='ltr'>sunt</span> <span class='ocrx_word' id='word_1_90' title='bbox 1056 1189 1180 1239; x_wconf 82' lang='lat' dir='ltr'>facti</span> <span class='ocrx_word' id='word_1_91' title='bbox 1221 1187 1494 1249; x_wconf 86' lang='lat' dir='ltr'>Samariae,</span> <span class='ocrx_word' id='word_1_92' title='bbox 1533 1187 1586 1237; x_wconf 89' lang='lat' dir='ltr'>id</span> <span class='ocrx_word' id='word_1_93' title='bbox 1626 1190 1706 1239; x_wconf 88' lang='lat' dir='ltr'>est</span> <span class='ocrx_word' id='word_1_94' title='bbox 1742 1187 2024 1248; x_wconf 75' lang='lat' dir='ltr'>idolatriae,</span> 
     </span>
     <span class='ocr_line' id='line_1_12' title="bbox 164 1273 2026 1332; baseline -0.005 1"><span class='ocrx_word' id='word_1_95' title='bbox 164 1282 427 1332; x_wconf 89' lang='lat' dir='ltr'>credentes</span> <span class='ocrx_word' id='word_1_96' title='bbox 490 1279 737 1330; x_wconf 87' lang='lat' dir='ltr'>uidelicet</span> <span class='ocrx_word' id='word_1_97' title='bbox 796 1278 847 1328; x_wconf 90' lang='lat' dir='ltr'>in</span> <span class='ocrx_word' id='word_1_98' title='bbox 896 1277 1173 1329; x_wconf 83' lang='lat' dir='ltr'>Christum.</span> <span class='ocrx_word' id='word_1_99' title='bbox 1241 1276 1527 1327; x_wconf 85' lang='lat' dir='ltr'>idolatriam</span> <span class='ocrx_word' id='word_1_100' title='bbox 1586 1274 1720 1325; x_wconf 90' lang='lat' dir='ltr'>enim</span> <span class='ocrx_word' id='word_1_101' title='bbox 1769 1273 2026 1325; x_wconf 88' lang='lat' dir='ltr'>Samariae</span> 
     </span>
     <span class='ocr_line' id='line_1_13' title="bbox 163 1362 2028 1432; baseline -0.005 -11"><span class='ocrx_word' id='word_1_102' title='bbox 163 1370 363 1421; x_wconf 89' lang='lat' dir='ltr'>nomine</span> <span class='ocrx_word' id='word_1_103' title='bbox 398 1368 615 1430; x_wconf 83' lang='lat' dir='ltr'>notauit,</span> <span class='ocrx_word' id='word_1_104' title='bbox 657 1370 715 1416; x_wconf 91' lang='lat' dir='ltr'>ut</span> <span class='ocrx_word' id='word_1_105' title='bbox 752 1366 1123 1432; x_wconf 82' lang='lat' dir='ltr'>ignominiosae</span> <span class='ocrx_word' id='word_1_106' title='bbox 1166 1364 1226 1414; x_wconf 88' lang='lat' dir='ltr'>ob</span> <span class='ocrx_word' id='word_1_107' title='bbox 1268 1363 1573 1425; x_wconf 88' lang='lat' dir='ltr'>idolatriam,</span> <span class='ocrx_word' id='word_1_108' title='bbox 1608 1379 1707 1429; x_wconf 90' lang='lat' dir='ltr'>qua</span> <span class='ocrx_word' id='word_1_109' title='bbox 1740 1362 2028 1413; x_wconf 87' lang='lat' dir='ltr'>desciuerat</span> 
     </span>
     <span class='ocr_line' id='line_1_14' title="bbox 161 1451 2028 1521; baseline -0.004 -13"><span class='ocrx_word' id='word_1_110' title='bbox 161 1462 286 1508; x_wconf 90' lang='lat' dir='ltr'>tunc</span> <span class='ocrx_word' id='word_1_111' title='bbox 335 1472 362 1507; x_wconf 93' lang='lat' dir='ltr'>a</span> <span class='ocrx_word' id='word_1_112' title='bbox 411 1457 502 1507; x_wconf 86' lang='lat' dir='ltr'>deo</span> <span class='ocrx_word' id='word_1_113' title='bbox 553 1455 647 1506; x_wconf 89' lang='lat' dir='ltr'>sub</span> <span class='ocrx_word' id='word_1_114' title='bbox 694 1469 814 1521; x_wconf 89' lang='lat' dir='ltr'>rege</span> <span class='ocrx_word' id='word_1_115' title='bbox 862 1453 1186 1504; x_wconf 88' lang='lat' dir='ltr'>Hieroboam.</span> <span class='ocrx_word' id='word_1_116' title='bbox 1240 1467 1330 1502; x_wconf 90' lang='grc'>1100</span> <span class='ocrx_word' id='word_1_117' title='bbox 1385 1452 1481 1503; x_wconf 91' lang='lat' dir='ltr'>hoc</span> <span class='ocrx_word' id='word_1_118' title='bbox 1530 1451 1661 1502; x_wconf 87' lang='lat' dir='ltr'>enim</span> <span class='ocrx_word' id='word_1_119' title='bbox 1711 1466 1901 1502; x_wconf 91' lang='lat' dir='ltr'>nouum</span> <span class='ocrx_word' id='word_1_120' title='bbox 1950 1452 2028 1500; x_wconf 88' lang='lat' dir='ltr'>est</span> 
     </span>
     <span class='ocr_line' id='line_1_15' title="bbox 163 1537 2026 1607; baseline -0.005 -10"><span class='ocrx_word' id='word_1_121' title='bbox 163 1545 393 1607; x_wconf 73' lang='lat' dir='ltr'>creatori,</span> <span class='ocrx_word' id='word_1_122' title='bbox 449 1544 666 1605; x_wconf 78' lang='lat' dir='ltr'>figurate</span> <span class='ocrx_word' id='word_1_123' title='bbox 720 1542 799 1592; x_wconf 90' lang='lat' dir='ltr'>uti</span> <span class='ocrx_word' id='word_1_124' title='bbox 851 1540 1184 1592; x_wconf 88' lang='lat' dir='ltr'>translatione</span> <span class='ocrx_word' id='word_1_125' title='bbox 1231 1540 1493 1590; x_wconf 89' lang='lat' dir='ltr'>nominum</span> <span class='ocrx_word' id='word_1_126' title='bbox 1545 1555 1601 1590; x_wconf 86' lang='lat' dir='ltr'>ex</span> <span class='ocrx_word' id='word_1_127' title='bbox 1649 1537 2026 1603; x_wconf 88' lang='lat' dir='ltr'>comparatione</span> 
     </span>
     <span class='ocr_line' id='line_1_16' title="bbox 162 1626 2025 1692; baseline -0.004 -9"><span class='ocrx_word' id='word_1_128' title='bbox 162 1633 447 1684; x_wconf 87' lang='lat' dir='ltr'>criminum.</span> <span class='ocrx_word' id='word_1_129' title='bbox 503 1647 618 1681; x_wconf 82' lang='lat' dir='ltr'>nam</span> <span class='ocrx_word' id='word_1_130' title='bbox 677 1634 725 1680; x_wconf 85' lang='lat' dir='ltr'>et</span> <span class='ocrx_word' id='word_1_131' title='bbox 781 1630 1047 1681; x_wconf 80' lang='lat' dir='ltr'>archontas</span> <span class='ocrx_word' id='word_1_132' title='bbox 1102 1627 1440 1679; x_wconf 88' lang='lat' dir='ltr'>Sodomorum</span> <span class='ocrx_word' id='word_1_133' title='bbox 1487 1627 1715 1692; x_wconf 88' lang='lat' dir='ltr'>appellat</span> <span class='ocrx_word' id='word_1_134' title='bbox 1759 1626 2025 1676; x_wconf 88' lang='lat' dir='ltr'>archontas</span> 
     </span>
     <span class='ocr_line' id='line_1_17' title="bbox 162 1713 2025 1784; baseline -0.005 -12"><span class='ocrx_word' id='word_1_135' title='bbox 162 1721 467 1772; x_wconf 86' lang='lat' dir='ltr'>Iudaeorum</span> <span class='ocrx_word' id='word_1_136' title='bbox 501 1722 552 1770; x_wconf 88' lang='lat' dir='ltr'>et</span> <span class='ocrx_word' id='word_1_137' title='bbox 574 1718 824 1784; x_wconf 88' lang='lat' dir='ltr'>populum</span> <span class='ocrx_word' id='word_1_138' title='bbox 848 1717 1021 1783; x_wconf 89' lang='lat' dir='ltr'>ipsum</span> <span class='ocrx_word' id='word_1_139' title='bbox 1050 1716 1298 1781; x_wconf 90' lang='lat' dir='ltr'>populum</span> <span class='ocrx_word' id='word_1_140' title='bbox 1319 1713 1595 1766; x_wconf 81' lang='lat' dir='ltr'>Gomorrae</span> <span class='ocrx_word' id='word_1_141' title='bbox 1620 1716 1788 1775; x_wconf 87' lang='lat' dir='ltr'>uocat,</span> <span class='ocrx_word' id='word_1_142' title='bbox 1816 1716 1868 1765; x_wconf 87' lang='lat' dir='ltr'>et</span> <span class='ocrx_word' id='word_1_143' title='bbox 1889 1713 2025 1764; x_wconf 90' lang='lat' dir='ltr'>idem</span> 
     </span>
     <span class='ocr_line' id='line_1_18' title="bbox 163 1800 2023 1874; baseline -0.005 -14"><span class='ocrx_word' id='word_1_144' title='bbox 163 1809 309 1860; x_wconf 88' lang='lat' dir='ltr'>alibi:</span> <span class='ocrx_word' id='word_1_145' title='bbox 351 1811 540 1874; x_wconf 88' lang='lat' dir='ltr'>pater,</span> <span class='ocrx_word' id='word_1_146' title='bbox 581 1806 765 1872; x_wconf 87' lang='lat' dir='ltr'>inquit,</span> <span class='ocrx_word' id='word_1_147' title='bbox 799 1808 943 1856; x_wconf 89' lang='lat' dir='ltr'>tuus</span> <span class='ocrx_word' id='word_1_148' title='bbox 977 1806 1302 1855; x_wconf 88' lang='lat' dir='ltr'>Amorreus</span> <span class='ocrx_word' id='word_1_149' title='bbox 1337 1806 1394 1853; x_wconf 90' lang='lat' dir='ltr'>et</span> <span class='ocrx_word' id='word_1_150' title='bbox 1424 1805 1615 1853; x_wconf 90' lang='lat' dir='ltr'>mater</span> <span class='ocrx_word' id='word_1_151' title='bbox 1646 1805 1750 1853; x_wconf 89' lang='lat' dir='ltr'>tua</span> <span class='ocrx_word' id='word_1_152' title='bbox 1783 1800 2023 1861; x_wconf 88' lang='lat' dir='ltr'>Cethea,</span> 
     </span>
     <span class='ocr_line' id='line_1_19' title="bbox 163 1888 2024 1961; baseline -0.004 -13"><span class='ocrx_word' id='word_1_153' title='bbox 163 1898 225 1948; x_wconf 89' lang='lat' dir='ltr'>ob</span> <span class='ocrx_word' id='word_1_154' title='bbox 276 1897 597 1948; x_wconf 87' lang='lat' dir='ltr'>consimilem</span> <span class='ocrx_word' id='word_1_155' title='bbox 645 1894 983 1961; x_wconf 87' lang='lat' dir='ltr'>impietatem,</span> <span class='ocrx_word' id='word_1_156' title='bbox 1035 1907 1162 1957; x_wconf 89' lang='lat' dir='ltr'>quos</span> <span class='ocrx_word' id='word_1_157' title='bbox 1213 1891 1486 1956; x_wconf 78' lang='lat' dir='ltr'>aliquando</span> <span class='ocrx_word' id='word_1_158' title='bbox 1537 1890 1691 1941; x_wconf 87' lang='lat' dir='ltr'>etiam</span> <span class='ocrx_word' id='word_1_159' title='bbox 1732 1905 1851 1941; x_wconf 88' lang='lat' dir='ltr'>suos</span> <span class='ocrx_word' id='word_1_160' title='bbox 1892 1888 2024 1940; x_wconf 90' lang='lat' dir='ltr'>filios</span> 
     </span>
     <span class='ocr_line' id='line_1_20' title="bbox 163 1978 2026 2050; baseline -0.004 -15"><span class='ocrx_word' id='word_1_161' title='bbox 163 1986 377 2036; x_wconf 78' lang='lat' dir='ltr'>dixerat:</span> <span class='ocrx_word' id='word_1_162' title='bbox 419 1985 592 2035; x_wconf 90' lang='lat' dir='ltr'>filios</span> <span class='ocrx_word' id='word_1_163' title='bbox 635 1980 927 2050; x_wconf 88' lang='lat' dir='ltr'>generaui</span> <span class='ocrx_word' id='word_1_164' title='bbox 969 1983 1026 2031; x_wconf 91' lang='lat' dir='ltr'>et</span> <span class='ocrx_word' id='word_1_165' title='bbox 1066 1979 1351 2030; x_wconf 82' lang='lat' dir='ltr'>exaltaui.</span> <span class='ocrx_word' id='word_1_166' title='bbox 1394 1979 1468 2029; x_wconf 92' lang='lat' dir='ltr'>sic</span> <span class='ocrx_word' id='word_1_167' title='bbox 1509 1982 1557 2029; x_wconf 78' lang='lat' dir='ltr'>et</span> <span class='ocrx_word' id='word_1_168' title='bbox 1596 1978 1863 2045; x_wconf 75' lang='lat' dir='ltr'>Aegyptus</span> <span class='ocrx_word' id='word_1_169' title='bbox 1904 1992 2026 2028; x_wconf 91' lang='lat' dir='ltr'>non-</span> 
     </span>
     <span class='ocr_line' id='line_1_21' title="bbox 161 2065 2025 2138; baseline -0.004 -15"><span class='ocrx_word' id='word_1_170' title='bbox 161 2088 442 2138; x_wconf 86' lang='lat' dir='ltr'>numquam</span> <span class='ocrx_word' id='word_1_171' title='bbox 482 2074 624 2122; x_wconf 84' lang='lat' dir='ltr'>totus</span> <span class='ocrx_word' id='word_1_172' title='bbox 665 2070 802 2122; x_wconf 88' lang='lat' dir='ltr'>orbis</span> <span class='ocrx_word' id='word_1_173' title='bbox 842 2068 1164 2134; x_wconf 86' lang='lat' dir='ltr'>intellegitur</span> <span class='ocrx_word' id='word_1_174' title='bbox 1202 2067 1337 2133; x_wconf 87' lang='lat' dir='ltr'>apud</span> <span class='ocrx_word' id='word_1_175' title='bbox 1374 2066 1522 2117; x_wconf 89' lang='lat' dir='ltr'>illum</span> <span class='ocrx_word' id='word_1_176' title='bbox 1557 2065 1941 2132; x_wconf 86' lang='lat' dir='ltr'>superstitionis</span> <span class='ocrx_word' id='word_1_177' title='bbox 1976 2068 2025 2116; x_wconf 91' lang='lat' dir='ltr'>et</span> 
     </span>
     <span class='ocr_line' id='line_1_22' title="bbox 160 2154 2024 2226; baseline -0.004 -15"><span class='ocrx_word' id='word_1_178' title='bbox 160 2160 539 2211; x_wconf 83' lang='lat' dir='ltr'>maledictionis</span> <span class='ocrx_word' id='word_1_179' title='bbox 559 2159 739 2226; x_wconf 90' lang='lat' dir='ltr'>elogio.</span> <span class='ocrx_word' id='word_1_180' title='bbox 758 2158 834 2208; x_wconf 92' lang='lat' dir='ltr'>sic</span> <span class='ocrx_word' id='word_1_181' title='bbox 853 2161 903 2208; x_wconf 89' lang='lat' dir='ltr'>et</span> <span class='ocrx_word' id='word_1_182' title='bbox 919 2156 1151 2222; x_wconf 88' lang='lat' dir='ltr'>Babylon</span> <span class='ocrx_word' id='word_1_183' title='bbox 1172 2156 1325 2207; x_wconf 90' lang='lat' dir='ltr'>etiam</span> <span class='ocrx_word' id='word_1_184' title='bbox 1345 2154 1481 2221; x_wconf 90' lang='lat' dir='ltr'>apud</span> <span class='ocrx_word' id='word_1_185' title='bbox 1497 2155 1773 2205; x_wconf 89' lang='lat' dir='ltr'>Iohannem</span> <span class='ocrx_word' id='word_1_186' title='bbox 1789 2157 2024 2206; x_wconf 86' lang='lat' dir='ltr'>nostrum</span> 
     </span>
     <span class='ocr_line' id='line_1_23' title="bbox 159 2242 2025 2314; baseline -0.004 -15"><span class='ocrx_word' id='word_1_187' title='bbox 159 2249 415 2300; x_wconf 85' lang='lat' dir='ltr'>Romanae</span> <span class='ocrx_word' id='word_1_188' title='bbox 448 2247 590 2298; x_wconf 88' lang='lat' dir='ltr'>urbis</span> <span class='ocrx_word' id='word_1_189' title='bbox 623 2247 787 2314; x_wconf 87' lang='lat' dir='ltr'>figura</span> <span class='ocrx_word' id='word_1_190' title='bbox 820 2248 916 2307; x_wconf 83' lang='lat' dir='ltr'>est⁷</span> <span class='ocrx_word' id='word_1_191' title='bbox 948 2244 1156 2311; x_wconf 89' lang='lat' dir='ltr'>proinde</span> <span class='ocrx_word' id='word_1_192' title='bbox 1190 2258 1404 2310; x_wconf 88' lang='lat' dir='ltr'>magnae</span> <span class='ocrx_word' id='word_1_193' title='bbox 1439 2245 1487 2294; x_wconf 83' lang='grc'>01</span> <span class='ocrx_word' id='word_1_194' title='bbox 1519 2258 1673 2310; x_wconf 89' lang='lat' dir='ltr'>regno</span> <span class='ocrx_word' id='word_1_195' title='bbox 1700 2242 1946 2308; x_wconf 88' lang='lat' dir='ltr'>superbae</span> <span class='ocrx_word' id='word_1_196' title='bbox 1973 2244 2025 2292; x_wconf 88' lang='lat' dir='ltr'>et</span> 
     </span>
     <span class='ocr_line' id='line_1_24' title="bbox 162 2328 2021 2397; baseline -0.004 -10"><span class='ocrx_word' id='word_1_197' title='bbox 162 2340 453 2387; x_wconf 88' lang='lat' dir='ltr'>sanctorum</span> <span class='ocrx_word' id='word_1_198' title='bbox 481 2335 562 2385; x_wconf 88' lang='lat' dir='ltr'>dei</span> <span class='ocrx_word' id='word_1_199' title='bbox 588 2333 949 2385; x_wconf 82' lang='lat' dir='ltr'>debellatricis,</span> <span class='ocrx_word' id='word_1_200' title='bbox 975 2333 1071 2383; x_wconf 92' lang='lat' dir='ltr'>hoc</span> <span class='ocrx_word' id='word_1_201' title='bbox 1095 2331 1271 2397; x_wconf 88' lang='lat' dir='ltr'>itaque</span> <span class='ocrx_word' id='word_1_202' title='bbox 1298 2347 1396 2382; x_wconf 91' lang='lat' dir='ltr'>usu</span> <span class='ocrx_word' id='word_1_203' title='bbox 1422 2346 1602 2397; x_wconf 88' lang='lat' dir='ltr'>magos</span> <span class='ocrx_word' id='word_1_204' title='bbox 1629 2345 1831 2396; x_wconf 89' lang='lat' dir='ltr'>quoque</span> <span class='ocrx_word' id='word_1_205' title='bbox 1851 2328 2021 2381; x_wconf 85' lang='lat' dir='ltr'>Sama·</span> 
     </span>
     <span class='ocr_line' id='line_1_25' title="bbox 159 2418 2020 2490; baseline -0.004 -15"><span class='ocrx_word' id='word_1_206' title='bbox 159 2426 373 2476; x_wconf 89' lang='lat' dir='ltr'>ritarum</span> <span class='ocrx_word' id='word_1_207' title='bbox 409 2422 750 2490; x_wconf 89' lang='lat' dir='ltr'>appellatione</span> <span class='ocrx_word' id='word_1_208' title='bbox 783 2420 1033 2482; x_wconf 87' lang='lat' dir='ltr'>titulauit,</span> <span class='ocrx_word' id='word_1_209' title='bbox 1068 2419 1383 2487; x_wconf 88' lang='lat' dir='ltr'>despoliatos</span> <span class='ocrx_word' id='word_1_210' title='bbox 1419 2418 1554 2485; x_wconf 91' lang='lat' dir='ltr'>quod</span> <span class='ocrx_word' id='word_1_211' title='bbox 1584 2418 1866 2468; x_wconf 88' lang='lat' dir='ltr'>habuerant</span> <span class='ocrx_word' id='word_1_212' title='bbox 1905 2432 2020 2468; x_wconf 93' lang='lat' dir='ltr'>cum</span> 
     </span>
     <span class='ocr_line' id='line_1_26' title="bbox 161 2506 2022 2576; baseline -0.004 -13"><span class='ocrx_word' id='word_1_213' title='bbox 161 2512 445 2572; x_wconf 81' lang='lat' dir='ltr'>SamaritiS,</span> <span class='ocrx_word' id='word_1_214' title='bbox 472 2513 531 2562; x_wconf 90' lang='lat' dir='ltr'>ut</span> <span class='ocrx_word' id='word_1_215' title='bbox 557 2511 793 2571; x_wconf 83' lang='lat' dir='ltr'>diximus,</span> <span class='ocrx_word' id='word_1_216' title='bbox 817 2509 1126 2561; x_wconf 88' lang='lat' dir='ltr'>idolatriam.</span> <span class='ocrx_word' id='word_1_217' title='bbox 1154 2508 1402 2559; x_wconf 86' lang='lat' dir='ltr'>aduersus</span> <span class='ocrx_word' id='word_1_218' title='bbox 1427 2523 1600 2576; x_wconf 85' lang='lat' dir='ltr'>regem</span> <span class='ocrx_word' id='word_1_219' title='bbox 1626 2509 1797 2557; x_wconf 89' lang='lat' dir='ltr'>autem</span> <span class='ocrx_word' id='word_1_220' title='bbox 1823 2506 2022 2571; x_wconf 85' lang='lat' dir='ltr'>Assyri—</span> 
     </span>
     <span class='ocr_line' id='line_1_27' title="bbox 160 2594 2023 2664; baseline -0.003 -14"><span class='ocrx_word' id='word_1_221' title='bbox 160 2616 304 2650; x_wconf 89' lang='lat' dir='ltr'>orum</span> <span class='ocrx_word' id='word_1_222' title='bbox 324 2599 571 2650; x_wconf 83' lang='lat' dir='ltr'>aduersus</span> <span class='ocrx_word' id='word_1_223' title='bbox 590 2598 845 2649; x_wconf 88' lang='lat' dir='ltr'>Herodem</span> <span class='ocrx_word' id='word_1_224' title='bbox 869 2596 1129 2664; x_wconf 83' lang='lat' dir='ltr'>intellege,</span> <span class='ocrx_word' id='word_1_225' title='bbox 1149 2596 1232 2647; x_wconf 92' lang='lat' dir='ltr'>cui</span> <span class='ocrx_word' id='word_1_226' title='bbox 1258 2595 1433 2662; x_wconf 90' lang='lat' dir='ltr'>utique</span> <span class='ocrx_word' id='word_1_227' title='bbox 1460 2594 1718 2646; x_wconf 85' lang='lat' dir='ltr'>aduersati</span> <span class='ocrx_word' id='word_1_228' title='bbox 1742 2597 1862 2645; x_wconf 89' lang='lat' dir='ltr'>sunt</span> <span class='ocrx_word' id='word_1_229' title='bbox 1884 2594 2023 2660; x_wconf 89' lang='lat' dir='ltr'>magi</span> 
     </span>
     <span class='ocr_line' id='line_1_28' title="bbox 158 2681 2020 2749; baseline -0.003 -12"><span class='ocrx_word' id='word_1_230' title='bbox 158 2690 282 2738; x_wconf 88' lang='lat' dir='ltr'>tunc</span> <span class='ocrx_word' id='word_1_231' title='bbox 321 2702 418 2738; x_wconf 91' lang='lat' dir='ltr'>non</span> <span class='ocrx_word' id='word_1_232' title='bbox 459 2684 794 2736; x_wconf 87' lang='lat' dir='ltr'>renuntiando</span> <span class='ocrx_word' id='word_1_233' title='bbox 836 2684 897 2735; x_wconf 90' lang='lat' dir='ltr'>de</span> <span class='ocrx_word' id='word_1_234' title='bbox 938 2682 1159 2745; x_wconf 82' lang='lat' dir='ltr'>Christo,</span> <span class='ocrx_word' id='word_1_235' title='bbox 1202 2699 1351 2749; x_wconf 91' lang='lat' dir='ltr'>quem</span> <span class='ocrx_word' id='word_1_236' title='bbox 1390 2682 1693 2749; x_wconf 86' lang='lat' dir='ltr'>intercipere</span> <span class='ocrx_word' id='word_1_237' title='bbox 1733 2681 2020 2748; x_wconf 88' lang='lat' dir='ltr'>quaerebat.</span> 
     </span>
    </p>

    <p class='ocr_par' dir='ltr' id='par_1_3' title="bbox 158 2770 2020 2924">
     <span class='ocr_line' id='line_1_29' title="bbox 235 2770 2020 2837; baseline -0.003 -12"><span class='ocrx_word' id='word_1_238' title='bbox 235 2776 316 2827; x_wconf 86' lang='lat'>14.</span> <span class='ocrx_word' id='word_1_239' title='bbox 370 2774 719 2825; x_wconf 88' lang='lat' dir='ltr'>Adiuuabitur</span> <span class='ocrx_word' id='word_1_240' title='bbox 772 2773 896 2824; x_wconf 86' lang='lat' dir='ltr'>haec</span> <span class='ocrx_word' id='word_1_241' title='bbox 950 2774 1124 2823; x_wconf 88' lang='lat' dir='ltr'>nostra</span> <span class='ocrx_word' id='word_1_242' title='bbox 1176 2771 1548 2837; x_wconf 81' lang='lat' dir='ltr'>interpretatiO,</span> <span class='ocrx_word' id='word_1_243' title='bbox 1612 2771 1731 2821; x_wconf 91' lang='lat' dir='ltr'>dum</span> <span class='ocrx_word' id='word_1_244' title='bbox 1794 2773 1845 2822; x_wconf 90' lang='lat' dir='ltr'>et</span> <span class='ocrx_word' id='word_1_245' title='bbox 1898 2770 2020 2821; x_wconf 86' lang='lat' dir='ltr'>alibi</span> 
     </span>
     <span class='ocr_line' id='line_1_30' title="bbox 158 2857 2018 2924; baseline -0.002 -12"><span class='ocrx_word' id='word_1_246' title='bbox 158 2862 459 2913; x_wconf 87' lang='lat' dir='ltr'>bellatorem</span> <span class='ocrx_word' id='word_1_247' title='bbox 499 2861 795 2912; x_wconf 85' lang='lat' dir='ltr'>existimans</span> <span class='ocrx_word' id='word_1_248' title='bbox 836 2860 1097 2912; x_wconf 87' lang='lat' dir='ltr'>Christum</span> <span class='ocrx_word' id='word_1_249' title='bbox 1138 2860 1199 2910; x_wconf 89' lang='lat' dir='ltr'>ob</span> <span class='ocrx_word' id='word_1_250' title='bbox 1235 2874 1491 2909; x_wconf 87' lang='lat' dir='ltr'>armorum</span> <span class='ocrx_word' id='word_1_251' title='bbox 1523 2857 1838 2924; x_wconf 88' lang='lat' dir='ltr'>quorundam</span> <span class='ocrx_word' id='word_1_252' title='bbox 1871 2873 2018 2909; x_wconf 89' lang='lat' dir='ltr'>uoca-</span> 
     </span>
    </p>
   </div>
   <div class='ocr_carea' id='block_1_3' title="bbox 2060 1204 2098 1233">
    <p class='ocr_par' dir='ltr' id='par_1_4' title="bbox 2060 1204 2098 1233">
     <span class='ocr_line' id='line_1_31' title="bbox 2060 1204 2098 1233; baseline -0.026 0"><span class='ocrx_word' id='word_1_253' title='bbox 2060 1204 2098 1233; x_wconf 85' lang='lat'>10</span> 
     </span>
    </p>
   </div>
   <div class='ocr_carea' id='block_1_4' title="bbox 2061 1642 2099 1671">
    <p class='ocr_par' dir='ltr' id='par_1_5' title="bbox 2061 1642 2099 1671">
     <span class='ocr_line' id='line_1_32' title="bbox 2061 1642 2099 1671; baseline 0 0"><span class='ocrx_word' id='word_1_254' title='bbox 2061 1642 2099 1671; x_wconf 80' lang='lat'>15</span> 
     </span>
    </p>
   </div>
   <div class='ocr_carea' id='block_1_5' title="bbox 2055 2080 2097 2111">
    <p class='ocr_par' dir='ltr' id='par_1_6' title="bbox 2055 2080 2097 2111">
     <span class='ocr_line' id='line_1_33' title="bbox 2055 2080 2097 2111; baseline 0.048 -2"><span class='ocrx_word' id='word_1_255' title='bbox 2055 2080 2097 2111; x_wconf 80' lang='lat'>20</span> 
     </span>
    </p>
   </div>
   <div class='ocr_carea' id='block_1_6' title="bbox 2053 2517 2095 2548">
    <p class='ocr_par' dir='ltr' id='par_1_7' title="bbox 2053 2517 2095 2548">
     <span class='ocr_line' id='line_1_34' title="bbox 2053 2517 2095 2548; baseline 0 0"><span class='ocrx_word' id='word_1_256' title='bbox 2053 2517 2095 2548; x_wconf 81' lang='lat'>25</span> 
     </span>
    </p>
   </div>
   <div class='ocr_carea' id='block_1_7' title="bbox 157 2947 2091 3013">
    <p class='ocr_par' dir='ltr' id='par_1_8' title="bbox 157 2947 2091 3013">
     <span class='ocr_line' id='line_1_35' title="bbox 157 2947 2091 3013; baseline -0.002 -13"><span class='ocrx_word' id='word_1_257' title='bbox 157 2952 279 3001; x_wconf 92' lang='lat' dir='ltr'>bula</span> <span class='ocrx_word' id='word_1_258' title='bbox 325 2952 377 3000; x_wconf 89' lang='lat' dir='ltr'>et</span> <span class='ocrx_word' id='word_1_259' title='bbox 422 2949 674 3000; x_wconf 90' lang='lat' dir='ltr'>eiusmodi</span> <span class='ocrx_word' id='word_1_260' title='bbox 711 2948 871 2999; x_wconf 92' lang='lat' dir='ltr'>uerba</span> <span class='ocrx_word' id='word_1_261' title='bbox 910 2963 966 2998; x_wconf 84' lang='lat' dir='ltr'>ex</span> <span class='ocrx_word' id='word_1_262' title='bbox 1004 2947 1317 3013; x_wconf 88' lang='lat' dir='ltr'>reliquorum</span> <span class='ocrx_word' id='word_1_263' title='bbox 1359 2961 1560 3012; x_wconf 88' lang='lat' dir='ltr'>quoque</span> <span class='ocrx_word' id='word_1_264' title='bbox 1600 2961 1845 2998; x_wconf 89' lang='lat' dir='ltr'>sensuum</span> <span class='ocrx_word' id='word_1_265' title='bbox 1884 2960 2017 2997; x_wconf 89' lang='grc'>00111-</span> <span class='ocrx_word' id='word_1_266' title='bbox 2048 2957 2091 2988; x_wconf 84' lang='grc' dir='ltr'>3ο</span> 
     </span>
    </p>
   </div>
   <div class='ocr_carea' id='block_1_8' title="bbox 157 3020 2038 3104">
    <p class='ocr_par' dir='ltr' id='par_1_9' title="bbox 157 3020 2038 3104">
     <span class='ocr_line' id='line_1_36' title="bbox 157 3020 2038 3104; baseline -0.002 -17"><span class='ocrx_word' id='word_1_267' title='bbox 157 3037 417 3104; x_wconf 82' lang='lat' dir='ltr'>paratione</span> <span class='ocrx_word' id='word_1_268' title='bbox 451 3036 787 3088; x_wconf 86' lang='lat' dir='ltr'>conuinceriS.</span> <span class='ocrx_word' id='word_1_269' title='bbox 827 3035 1161 3102; x_wconf 86' lang='lat' dir='ltr'>accingere,</span> <span class='ocrx_word' id='word_1_270' title='bbox 1194 3035 1363 3100; x_wconf 89' lang='lat' dir='ltr'>inquit</span> <span class='ocrx_word' id='word_1_271' title='bbox 1385 3033 1569 3095; x_wconf 89' lang='lat' dir='ltr'>Dauid,</span> <span class='ocrx_word' id='word_1_272' title='bbox 1604 3048 1804 3085; x_wconf 86' lang='lat' dir='ltr'>ensem</span> <span class='ocrx_word' id='word_1_273' title='bbox 1840 3020 2038 3099; x_wconf 65' lang='lat' dir='ltr'>super⁵</span> 
     </span>
    </p>
   </div>
   <div class='ocr_carea' id='block_1_9' title="bbox 158 3190 2015 3395">
    <p class='ocr_par' dir='ltr' id='par_1_10' title="bbox 158 3190 2015 3395">
     <span class='ocr_line' id='line_1_37' title="bbox 304 3190 2015 3258; baseline -0.003 -22"><span class='ocrx_word' id='word_1_274' title='bbox 304 3194 343 3249; x_wconf 87' lang='grc'>1]</span> <span class='ocrx_word' id='word_1_275' title='bbox 379 3194 448 3236; x_wconf 73' lang='lat' dir='ltr'>ps.</span> <span class='ocrx_word' id='word_1_276' title='bbox 483 3194 551 3237; x_wconf 90' lang='lat'>71.</span> <span class='ocrx_word' id='word_1_277' title='bbox 588 3194 652 3235; x_wconf 77' lang='lat'>15.</span> <span class='ocrx_word' id='word_1_278' title='bbox 744 3193 792 3258; x_wconf 75' lang='lat'>2]</span> <span class='ocrx_word' id='word_1_279' title='bbox 822 3193 892 3235; x_wconf 81' lang='lat' dir='ltr'>Ps.</span> <span class='ocrx_word' id='word_1_280' title='bbox 925 3193 993 3246; x_wconf 90' lang='lat'>71,</span> <span class='ocrx_word' id='word_1_281' title='bbox 1028 3193 1093 3234; x_wconf 89' lang='grc'>10.</span> <span class='ocrx_word' id='word_1_282' title='bbox 1185 3193 1228 3247; x_wconf 90' lang='grc'>7]</span> <span class='ocrx_word' id='word_1_283' title='bbox 1265 3191 1317 3233; x_wconf 76' lang='lat' dir='ltr'>cf.</span> <span class='ocrx_word' id='word_1_284' title='bbox 1349 3190 1425 3234; x_wconf 80' lang='lat' dir='ltr'>Es.</span> <span class='ocrx_word' id='word_1_285' title='bbox 1449 3191 1494 3246; x_wconf 70' lang='lat'>8,</span> <span class='ocrx_word' id='word_1_286' title='bbox 1513 3191 1553 3233; x_wconf 89' lang='lat'>4.</span> <span class='ocrx_word' id='word_1_287' title='bbox 1639 3191 1710 3246; x_wconf 87' lang='lat'>13]</span> <span class='ocrx_word' id='word_1_288' title='bbox 1738 3190 1791 3233; x_wconf 75' lang='lat' dir='ltr'>ef.</span> <span class='ocrx_word' id='word_1_289' title='bbox 1816 3190 1884 3233; x_wconf 90' lang='lat'>111</span> <span class='ocrx_word' id='word_1_290' title='bbox 1906 3190 2015 3246; x_wconf 75' lang='lat' dir='ltr'>Reg.</span> 
     </span>
     <span class='ocr_line' id='line_1_38' title="bbox 160 3255 2014 3321; baseline -0.001 -13"><span class='ocrx_word' id='word_1_291' title='bbox 160 3268 225 3321; x_wconf 77' lang='lat'>12,</span> <span class='ocrx_word' id='word_1_292' title='bbox 258 3268 443 3310; x_wconf 78' lang='lat'>28—31.</span> <span class='ocrx_word' id='word_1_293' title='bbox 537 3266 607 3321; x_wconf 84' lang='lat'>15]</span> <span class='ocrx_word' id='word_1_294' title='bbox 642 3266 693 3308; x_wconf 76' lang='lat' dir='ltr'>cf.</span> <span class='ocrx_word' id='word_1_295' title='bbox 721 3266 792 3310; x_wconf 76' lang='lat' dir='ltr'>Es.</span> <span class='ocrx_word' id='word_1_296' title='bbox 821 3266 951 3320; x_wconf 84' lang='lat'>1,10.</span> <span class='ocrx_word' id='word_1_297' title='bbox 1037 3266 1108 3320; x_wconf 86' lang='lat'>17]</span> <span class='ocrx_word' id='word_1_298' title='bbox 1136 3265 1209 3308; x_wconf 70' lang='grc' dir='ltr'>ΕΖ.</span> <span class='ocrx_word' id='word_1_299' title='bbox 1237 3266 1303 3319; x_wconf 84' lang='lat'>16,</span> <span class='ocrx_word' id='word_1_300' title='bbox 1330 3266 1368 3306; x_wconf 81' lang='lat'>3.</span> <span class='ocrx_word' id='word_1_301' title='bbox 1462 3264 1530 3320; x_wconf 91' lang='lat'>19]</span> <span class='ocrx_word' id='word_1_302' title='bbox 1565 3264 1635 3307; x_wconf 76' lang='lat' dir='ltr'>Es.</span> <span class='ocrx_word' id='word_1_303' title='bbox 1671 3265 1706 3318; x_wconf 92' lang='lat'>1,</span> <span class='ocrx_word' id='word_1_304' title='bbox 1732 3265 1772 3306; x_wconf 85' lang='lat'>2.</span> <span class='ocrx_word' id='word_1_305' title='bbox 1862 3265 1935 3320; x_wconf 84' lang='lat'>21]</span> <span class='ocrx_word' id='word_1_306' title='bbox 1961 3255 2014 3306; x_wconf 76' lang='lat' dir='ltr'>cf.</span> 
     </span>
     <span class='ocr_line' id='line_1_39' title="bbox 158 3337 1911 3395; baseline -0.002 -13"><span class='ocrx_word' id='word_1_307' title='bbox 158 3343 291 3395; x_wconf 81' lang='lat' dir='ltr'>Apoc.</span> <span class='ocrx_word' id='word_1_308' title='bbox 328 3341 390 3391; x_wconf 86' lang='lat'>14,</span> <span class='ocrx_word' id='word_1_309' title='bbox 427 3341 472 3390; x_wconf 80' lang='grc'>0;</span> <span class='ocrx_word' id='word_1_310' title='bbox 509 3340 575 3392; x_wconf 85' lang='grc'>17,</span> <span class='ocrx_word' id='word_1_311' title='bbox 609 3342 654 3393; x_wconf 74' lang='grc'>5;</span> <span class='ocrx_word' id='word_1_312' title='bbox 691 3339 756 3387; x_wconf 80' lang='grc'>10,</span> <span class='ocrx_word' id='word_1_313' title='bbox 793 3339 857 3381; x_wconf 89' lang='grc'>10.</span> <span class='ocrx_word' id='word_1_314' title='bbox 947 3338 1019 3394; x_wconf 84' lang='lat'>27]</span> <span class='ocrx_word' id='word_1_315' title='bbox 1053 3337 1105 3379; x_wconf 78' lang='lat' dir='ltr'>cf.</span> <span class='ocrx_word' id='word_1_316' title='bbox 1137 3337 1297 3379; x_wconf 80' lang='lat' dir='ltr'>Matth.</span> <span class='ocrx_word' id='word_1_317' title='bbox 1330 3338 1369 3388; x_wconf 82' lang='lat'>2,</span> <span class='ocrx_word' id='word_1_318' title='bbox 1405 3338 1469 3380; x_wconf 84' lang='lat'>12.</span> <span class='ocrx_word' id='word_1_319' title='bbox 1560 3338 1633 3393; x_wconf 86' lang='lat'>32]</span> <span class='ocrx_word' id='word_1_320' title='bbox 1667 3337 1738 3381; x_wconf 80' lang='lat' dir='ltr'>Ps.</span> <span class='ocrx_word' id='word_1_321' title='bbox 1769 3337 1840 3388; x_wconf 87' lang='lat'>44,</span> <span class='ocrx_word' id='word_1_322' title='bbox 1870 3339 1911 3380; x_wconf 90' lang='lat'>4.</span> 
     </span>
    </p>
   </div>
   <div class='ocr_carea' id='block_1_10' title="bbox 216 3426 1955 3496">
    <p class='ocr_par' dir='ltr' id='par_1_11' title="bbox 216 3426 1955 3496">
     <span class='ocr_line' id='line_1_40' title="bbox 216 3426 1955 3496; baseline -0.001 -11"><span class='ocrx_word' id='word_1_323' title='bbox 216 3446 240 3485; x_wconf 79' lang='lat'>5</span> <span class='ocrx_word' id='word_1_324' title='bbox 274 3446 390 3485; x_wconf 86' lang='lat' dir='ltr'>esset</span> <span class='ocrx_word' id='word_1_325' title='bbox 420 3426 551 3493; x_wconf 80' lang='lat' dir='ltr'>MR1‚</span> <span class='ocrx_word' id='word_1_326' title='bbox 586 3445 679 3484; x_wconf 83' lang='lat' dir='ltr'>erat</span> <span class='ocrx_word' id='word_1_327' title='bbox 709 3441 773 3484; x_wconf 76' lang='lat' dir='ltr'>R³</span> <span class='ocrx_word' id='word_1_328' title='bbox 862 3442 916 3482; x_wconf 80' lang='lat'>26</span> <span class='ocrx_word' id='word_1_329' title='bbox 948 3441 1148 3496; x_wconf 82' lang='lat' dir='ltr'>intellige</span> <span class='ocrx_word' id='word_1_330' title='bbox 1174 3441 1230 3490; x_wconf 89' lang='lat' dir='ltr'><em>M</em></span> <span class='ocrx_word' id='word_1_331' title='bbox 1316 3441 1369 3483; x_wconf 88' lang='lat'>31</span> <span class='ocrx_word' id='word_1_332' title='bbox 1405 3454 1549 3483; x_wconf 81' lang='lat' dir='ltr'>ensem</span> <span class='ocrx_word' id='word_1_333' title='bbox 1587 3440 1691 3484; x_wconf 78' lang='lat' dir='ltr'>Gel:</span> <span class='ocrx_word' id='word_1_334' title='bbox 1723 3453 1825 3483; x_wconf 88' lang='lat' dir='ltr'>ense</span> <span class='ocrx_word' id='word_1_335' title='bbox 1856 3440 1955 3484; x_wconf 81' lang='lat' dir='ltr'>MR</span> 
     </span>
    </p>
   </div>
  </div>
 </body>
</html>
