2248 3646
912 273 1255 315 Praefatio.
1742 277 1982 327 XXVIIII

176 431 273 480 iam
321 429 612 480 accedamus
658 429 950 479 Tertulliani
997 444 1201 493 operum
1247 429 1512 479 editionem
1558 431 1908 480 recensendam
1955 446 1982 479 a

175 516 491 565 Francisco
561 513 812 564 Oehlero
881 515 1021 564 annis
1084 514 1431 564 1853—1854
1490 515 1687 580 Lipsiae
1748 516 1979 565 emissam

173 599 471 664 tripertitam
516 601 566 648 et
611 602 850 663 apparatu
905 599 1075 649 critico
1125 602 1172 648 et
1213 600 1564 649 commentario
1619 602 1857 665 perpetuo
1911 599 1980 647 in-

174 687 415 735 structam
456 687 504 734 et
543 684 719 734 dehinc
758 684 972 733 editione
1011 684 1198 733 minore
1244 684 1522 747 repetitam.
1567 684 1708 733 cuius
1749 684 1978 733 editionis

173 786 287 820 cum
337 769 535 820 uideam
591 771 713 833 quot
762 769 952 819 iudices
1006 771 1083 819 tot
1142 770 1243 819 fere
1305 769 1557 819 exstitisse
1611 769 1978 833 uituperatores

172 869 355 918 eosque
380 869 597 916 seueroS‚
614 854 650 917 1)
676 869 765 918 ego
792 852 992 917 quidem
1018 853 1291 903 defensoris
1325 852 1495 902 malim
1528 853 1781 917 suscipere
1812 854 1978 917 partes

171 954 319 1003 quam
377 939 775 1002 uituperatorum
840 953 1020 1003 augere
1082 953 1360 988 numerum.
1421 938 1568 987 multi
1625 938 1754 988 enim
1805 938 1978 1002 procul

171 1024 318 1073 dubio
373 1024 569 1073 sudoris
624 1025 700 1072 est
753 1038 894 1088 opus„
949 1023 1131 1088 quippe
1182 1024 1231 1072 in
1288 1038 1382 1086 quo
1442 1053 1510 1058 --
1572 1023 1623 1072 id
1676 1023 1806 1086 quod
1866 1025 1977 1072 ante

171 1108 438 1159 Oehlerum
482 1110 771 1172 susceperat
815 1123 958 1158 nemo
1000 1138 1067 1142 ——
1104 1108 1322 1157 mirabili
1370 1107 1631 1173 diligentia
1670 1110 1719 1157 et
1756 1107 1851 1157 fide
1891 1123 1976 1171 pro

167 1195 238 1244 rei
277 1194 659 1245 difficultatibus
707 1195 830 1243 satis
875 1193 1122 1258 probabili
1169 1195 1433 1258 congestae
1481 1194 1580 1244 sint
1618 1193 1838 1243 omnium
1877 1193 1977 1243 fere

169 1295 293 1345 quae
332 1281 704 1330 antecesserant
743 1279 1018 1328 editionum
1056 1279 1307 1328 uariantes
1349 1279 1621 1343 scripturae
1656 1281 1705 1328 et
1736 1278 1979 1343 quidquid

166 1366 249 1415 uel
291 1366 341 1415 in
386 1364 754 1429 interpretando
802 1366 884 1413 uel
927 1364 976 1412 in
1025 1364 1326 1414 emendando
1380 1365 1730 1428 praestiterant-
1775 1363 1976 1428 singuli,

166 1450 373 1499 adiectis
411 1452 665 1513 praeterea
704 1451 752 1499 et
789 1448 948 1513 ipsius
990 1450 1223 1499 continua
1253 1449 1711 1514 interpretatione2)
1752 1451 1800 1498 et
1837 1448 1976 1498 testi-

169 1535 448 1584 moniorum
493 1534 747 1584 nominum
792 1550 957 1584 rerum
1001 1533 1317 1594 indicibus-⁹2>
1358 1534 1489 1584 curis
1528 1534 1605 1583 his
1649 1532 1975 1592 Oehlei·ianiS‚

169 1636 266 1670 non
305 1619 676 1670 contemnendis
714 1620 936 1684 profecto
977 1622 1026 1669 et
1065 1636 1124 1668 ne
1168 1619 1314 1669 hodie
1357 1620 1556 1683 quidem
1596 1619 1793 1669 omnino
1834 1619 1976 1668 obso-

166 1705 299 1766 letis,
340 1708 522 1769 quanto
563 1705 726 1754 minus
772 1704 926 1754 uelim
975 1705 1255 1765 obtrectari,
1302 1706 1442 1754 tanto
1490 1704 1702 1754 exertius
1742 1704 1790 1753 in
1831 1719 1888 1753 ea
1925 1719 1974 1752 re

169 1790 545 1840 accusatoribus
593 1788 793 1840 Oehleri
838 1789 1244 1854 adstipulandum
1290 1789 1588 1855 putauerim‚
1636 1790 1767 1853 quod
1817 1789 1974 1853 philo-

166 1877 396 1942 logorum
451 1875 708 1925 desideriis
762 1891 1010 1940 nusquam
1062 1875 1163 1924 fere
1217 1875 1465 1925 satisfacit
1506 1875 1643 1923 illius
1699 1874 1864 1924 editio.
1918 1890 1976 1923 an

169 1977 315 2025 quem
353 1964 499 2026 putas
538 1977 687 2011 usum
728 1960 959 2010 editionis
1002 1960 1217 2019 criticae,
1260 1975 1384 2024 quae
1417 1960 1615 2009 criticae
1648 1959 1765 2008 artis
1804 1959 1974 2008 funda-

166 2050 351 2106 ment0‚
396 2047 637 2096 librorum
683 2046 1134 2109 manuscriptorum
1181 2045 1482 2107 recensione,
1527 2044 1723 2094 omnino
1779 2046 1974 2094 careat?

169 2133 210 2182 si
249 2133 379 2182 enirn
426 2132 704 2182 omittimus
752 2132 971 2181 codicem
1011 2130 1402 2195 Agobardinum,
1455 2131 1595 2180 cuius
1644 2130 1764 2179 duas
1805 2129 1978 2179 attulit

169 2218 460 2268 collationes
513 2233 539 2266 a
592 2217 840 2281 Stephano
895 2216 1103 2266 Baluzio
1168 2218 1217 2265 et
1276 2215 1613 2265 Hildebrando
1678 2216 1974 2275 elaborataS,

169 2319 336 2354 eorum
383 2303 626 2362 codicum,
676 2302 857 2366 quibus
905 2302 1133 2351 nituntur
1180 2318 1302 2366 quas
1353 2301 1581 2350 adhibuit
1626 2303 1821 2350 ueteres
1875 2300 1975 2349 edi-

167 2389 342 2450 tiones,
381 2404 476 2438 non
516 2388 661 2438 modo
696 2387 800 2437 suis
836 2387 995 2437 oculis
1025 2387 1306 2452 inspexerat
1334 2387 1529 2436 nullum
1562 2386 1649 2436 sed
1679 2401 1739 2436 ne
1771 2387 1829 2435 ab
1862 2385 1972 2435 aliis

168 2474 367 2538 quidem
415 2474 702 2524 collationes
751 2488 921 2523 eorum
968 2475 1228 2522 curauerat
1266 2471 1651 2537 instruendasss)
1699 2471 1971 2521 destitutus

240 2612 268 2659 ¹)
299 2611 348 2653 In
378 2613 447 2653 his
479 2611 684 2665 imprimis
708 2611 993 2652 nominandus
1019 2614 1083 2652 est
1113 2611 1366 2652 Ernestus
1398 2610 1708 2651 Klussmann
1732 2611 1773 2650 in
1798 2610 1973 2663 Hilgen-

166 2683 288 2725 feldii
319 2683 540 2725 annalibus
571 2682 654 2723 uol.
685 2682 751 2723 ΠΙ
785 2696 821 2726 a.
858 2683 965 2724 1860
990 2697 1029 2736 p.
1054 2682 1268 2731 82-100;
1301 2681 1522 2722 363—393
1554 2679 1793 2735 (respondit
1819 2679 1973 2721 Oehle-

166 2769 236 2796 rus
267 2756 351 2796 uol.
383 2754 442 2796 IV
473 2767 507 2795 a.
543 2753 647 2796 1861
681 2768 721 2807 p.
754 2754 980 2806 204-11).

240 2825 271 2878 2)
302 2825 673 2879 Inter-pretationis
704 2825 829 2865 huius
860 2826 1062 2865 maiorem
1091 2827 1255 2878 partem
1287 2824 1553 2876 desumptam
1593 2835 1683 2863 esse
1716 2836 1763 2863 ex
1794 2821 1970 2862 adnota-

165 2897 356 2938 tionibus
385 2899 576 2937 ueterum
608 2896 816 2937 editorum
848 2896 940 2949 ipse
970 2895 1196 2949 profitetur
1226 2894 1355 2949 praes.
1387 2909 1426 2948 p.
1457 2893 1590 2935 XXII.

237 2967 267 3019 ³)
297 2968 353 3008 Hi
384 2967 545 3008 indices
575 2967 865 3008 Rhenanianis
895 2966 1239 3019 Panielianisque
1269 2966 1403 3006 multo
1444 2966 1654 3006 auctiores
1698 2966 1740 3005 et
1771 2964 1969 3005 emenda-

165 3039 311 3092 tiores,
350 3051 605 3092 quamquam
643 3038 747 3079 satis
784 3038 920 3079 multa
957 3039 1001 3078 in
1039 3038 1099 3078 eis
1138 3036 1448 3085 desiderantur,
1489 3037 1579 3077 sine
1619 3034 1746 3076 dubio
1779 3048 1971 3076 curarum

168 3108 515 3151 Oehlerianarum
548 3109 710 3163 optima
739 3120 837 3162 pars
868 3110 981 3151 sunt.
1012 3121 1268 3163 magnopere
1301 3110 1442 3148 autern
1475 3106 1702 3148 dolendum
1740 3109 1818 3156 est,
1859 3105 1970 3158 quod

165 3194 266 3222 usus
297 3194 438 3222 eorum
471 3183 703 3222 erratorum
735 3178 1013 3221 multitudine
1051 3180 1146 3233 plus
1185 3179 1311 3220 solito
1349 3179 1509 3219 maiore
1546 3177 1897 3219 molestissimum
1927 3177 1971 3217 in

166 3251 336 3292 modum
366 3250 609 3305 impeditur.

236 3320 268 3373 ⁴)
300 3321 413 3363 Satis
456 3321 607 3363 habuit
643 3321 1008 3375 Montepessulani
1054 3323 1097 3362 et
1140 3320 1477 3362 Paterniacensis
1524 3319 1758 3374 specimina
1801 3321 1968 3360 tantum

166 3391 312 3433 afferre
343 3404 475 3446 eaque
505 3392 650 3433 minim
658 3406 693 3434 a.
