2248 3646
154 162 323 213 XXVI
915 156 1271 201 Praefatio.

153 308 425 372 immutare
449 318 706 369 interdum
732 317 817 368 uel
850 317 1089 383 supplere
1123 317 1201 368 sui
1234 317 1360 367 iuris
1389 333 1500 368 esse
1526 318 1743 384 putabat
1767 318 2027 384 similique

151 408 360 459 licentia
384 408 434 457 in
466 405 777 458 recensendo
811 405 942 456 libro
976 405 1128 456 tertio
1163 404 1411 456 aclzcersus
1439 404 1762 457 Meu-cionem
1789 423 1914 458 usus
1949 409 2030 458 est

152 496 280 547 libro
307 494 554 545 caluersas
570 492 804 556 Ιιιᾱαθοδ,
833 509 890 544 ex
909 508 1009 558 quo
1028 492 1366 557 interpolasse
1384 493 1550 560 magis
1567 493 1697 544 illud
1717 494 2025 560 opusculum

153 600 304 648 quam
339 582 638 634 emendasse
674 597 790 633 eum
832 597 930 632 non
972 581 1097 631 satis
1140 596 1168 631 a
1208 580 1580 646 posterioribus
1614 583 1880 648 cognitum
1915 595 2029 633 esse

152 671 458 737 putauerim.
494 670 569 722 sic
600 669 925 720 Parnelianae
960 668 1200 720 editionis
1236 671 1482 733 quantum
1519 668 1581 719 ad
1612 669 1768 720 uerba
1801 669 2027 720 auctoris

152 758 512 810 constituenda
549 756 859 824 perexiguus
901 758 1042 807 esset
1081 773 1224 821 usuS‚
1263 756 1362 806 nisi
1402 756 1657 810 instructa
1689 759 1826 807 esset
1857 756 2027 807 Latini

151 847 352 908 Latinii‚
406 845 658 896 Ludouici
716 844 988 906 Ca1·rioniS‚
1036 845 1240 896 Ioannis
1297 844 1516 895 Harrisii
1579 844 2024 895 emendationibus

153 936 204 984 et
237 933 563 994 coniectum,
604 932 654 982 in
697 931 885 997 quibus
927 931 1180 997 imprimis
1221 930 1509 982 laudandus
1545 933 1625 982 est
1654 931 1906 995 Latinius,
1940 931 2028 996 qui

154 1021 290 1072 haud
339 1036 437 1071 uno
491 1021 604 1071 loco
655 1019 931 1070 uerborum
988 1019 1290 1085 corruptelis
1346 1019 1689 1071 necessariam
1747 1022 1796 1069 et
1852 1021 2025 1085 aptam

150 1108 403 1159 medelam
446 1107 699 1158 adhibuit.

221 1209 447 1259 Eandem
479 1210 608 1259 hanc
640 1209 991 1260 Pamelianam
1022 1209 1371 1260 recensionem
1414 1211 1770 1274 repraesentat
1804 1224 2027 1274 sequens

150 1297 306 1348 editio
342 1313 369 1346 a
402 1296 731 1348 Francisco
772 1297 947 1348 Iunio
983 1297 1228 1348 adornata
1261 1300 1310 1348 et
1341 1297 1688 1347 Fra-neckerae
1724 1312 1849 1347 anno
1888 1297 2022 1346 159?

149 1386 198 1434 in
241 1386 411 1435 lucem
453 1384 656 1446 emissa,
700 1384 782 1435 cui
823 1384 1052 1435 adiectae
1094 1387 1215 1436 sunt
1255 1385 1465 1437 editoris
1506 1386 1555 1435 in
1599 1384 1832 1451 singulos
1865 1383 2025 1434 libros

149 1471 620 1524 animaduersiones
670 1476 720 1523 et
767 1473 816 1523 in
866 1474 1003 1524 calce
1049 1474 1184 1535 libri,
1225 1477 1499 1540 postquam
1540 1476 1709 1525 totum
1748 1475 1850 1522 iam
1891 1487 2018 1537 opus

149 1559 445 1610 absolutum
486 1566 609 1621 erat,
660 1560 850 1612 codicis
899 1561 1175 1613 Fuldensis
1228 1562 1291 1612 ad
1336 1562 1494 1613 libros
1543 1561 1924 1627 Apoloqqeticum
1972 1561 2021 1609 et

146 1646 395 1698 adum-sus
419 1646 639 1698 Iudaeos
665 1648 947 1714 scripturae
968 1649 1332 1715 discrepantes.
1351 1649 1389 1717 1)
1417 1652 1571 1716 atque
1588 1649 1785 1699 utinam
1804 1646 2022 1713 placuis-

149 1737 228 1786 set
250 1736 371 1786 huic
403 1735 513 1787 uiro
548 1736 715 1796 docto,
748 1737 984 1803 neglecta
1006 1737 1301 1788 Pameliana
1335 1737 1396 1787 ad
1429 1736 1775 1802 antiquiorum
1807 1734 2018 1785 testium

146 1822 310 1873 redire
334 1822 487 1873 fidem
512 1838 802 1889 nouamque
832 1822 952 1873 inde
983 1823 1236 1875 instruere
1269 1824 1572 1876 Tertulliani
1605 1838 1818 1889 operum
1849 1836 2017 1872 recen·

149 1909 368 1961 sionem!
416 1909 548 1960 inter
586 1912 790 1961 ueteres
832 1911 966 1962 enim
1006 1910 1228 1963 editores
1269 1912 1355 1962 uix
1393 1927 1524 1963 unus
1568 1914 1663 1974 est,
1714 1909 1800 1976 qui
1840 1908 2023 1959 iudicii

149 1998 381 2048 acumine
424 2000 475 2048 et
516 1997 799 2050 eruditione
841 1998 885 2049 ei
923 2015 1015 2064 par
1054 2000 1138 2061 sit,
1181 2000 1267 2065 qui
1306 2003 1410 2050 tam
1461 1999 1734 2067 diligenter
1781 1997 2021 2049 obserua-

146 2086 280 2137 uerit
320 2085 654 2136 Tertullianei
694 2087 802 2137 stili
841 2087 1222 2153 proprietatem,
1263 2103 1429 2141 nemo.
1484 2088 1601 2139 inde
1649 2086 1712 2138 ad
1753 2084 2019 2137 emendan—

147 2173 268 2224 dum
303 2173 494 2239 optime
528 2173 814 2225 instructus
846 2174 896 2224 in
938 2174 1358 2227 adnotationibus
1401 2176 1510 2227 suis
1555 2175 1857 2227 thesaurum
1906 2188 2020 2223 con-

147 2261 313 2327 gessit
353 2263 403 2311 et
443 2262 864 2313 obseruationum
915 2266 965 2313 et
1006 2264 1423 2315 emendationum
1466 2266 1516 2315 et
1555 2264 2021 2322 Coniectaneorum,

150 2364 302 2412 quem
329 2351 378 2398 et
403 2348 523 2399 111110
557 2352 759 2400 nostrae
791 2351 1077 2401 recensioni
1108 2368 1292 2419 magno
1326 2353 1446 2403 usui
1476 2351 1639 2403 fuisse
1673 2355 1816 2418 grato
1852 2348 2020 2398 animo

149 2434 464 2487 confitemur.
507 2439 585 2486 est
627 2438 760 2488 enim
800 2438 851 2487 111,
891 2438 980 2488 1110
1022 2439 1132 2489 11011
1158 2439 1453 2490 inueniendi
1484 2439 1733 2490 naturalis
1767 2435 2018 2503 quaedam

146 2523 227 2574 uis
269 2525 319 2574 et
357 2525 462 2574 tam
505 2526 708 2575 strenue
748 2527 957 2590 tamque
997 2527 1197 2577 nauiter
1235 2527 1595 2596 intellegendis
1637 2525 1860 2577 auctoris
1902 2523 2019 2575 sub-

147 2611 426 2662 tilitatibus
469 2612 557 2663 dat
596 2629 819 2679 operam,
859 2618 918 2665 ut
957 2615 1110 2666 etiarn
1153 2616 1201 2667 in
1242 2617 1497 2668 erroribus
1539 2617 1648 2667 eius
1682 2631 1883 2680 semper
1913 2614 2020 2664 fere

147 2700 256 2749 ueri
297 2699 489 2765 aliquid
528 2701 748 2751 inueniri
786 2702 966 2767 possit.
1005 2702 1057 2752 id
1091 2719 1148 2754 eo
1183 2703 1472 2769 expressius
1507 2704 1626 2755 duxi
1661 2700 2017 2769 profitendum,

148 2802 247 2851 quo
289 2788 454 2854 magis
486 2788 564 2838 illi
599 2789 968 2840 obtrectantem
1006 2791 1357 2842 animaduerto
1391 2792 1734 2843 nouissimum
1769 2790 2016 2840 editorem

147 2874 478 2925 Franciscum
521 2874 868 2944 Oehle1·um.2)
914 2894 1078 2943 neque
1127 2880 1260 2930 enim
1299 2879 1479 2930 Iunius
1526 2879 1652 2930 mihi
1692 2878 1775 2928 hic
1818 2877 2017 2942 uitupe-

148 2962 335 3013 randus
377 2962 583 3013 uidetur
623 2963 714 3014 sed
756 2962 1023 3028 OehleruS,
1066 2966 1153 3032 qui
1192 2982 1290 3018 non
1328 2983 1438 3017 raro
1481 2983 1607 3033 quae
1647 2964 1862 3032 palmari
1902 2979 2015 3014 con-

225 3203 254 3260 1)
287 3204 353 3246 De
386 3204 598 3249 Fuldensi
634 3205 748 3247 libro
787 3206 959 3262 plenius
1000 3206 1299 3262 disputabitur
1338 3210 1383 3251 in
1424 3211 1604 3253 secundi
1644 3210 1881 3253 uoluminis
1912 3223 2011 3265 pro-

148 3278 406 3331 legomenis.

222 3364 254 3418 2)
290 3365 342 3408 cf.
377 3365 551 3409 00111011
583 3366 903 3422 praefationem
937 3383 976 3423 p.
1010 3369 1168 3412 XVIII.
