<?xml version="1.0" encoding="UTF-8"?>
<!DOCTYPE html PUBLIC "-//W3C//DTD XHTML 1.0 Transitional//EN"
    "http://www.w3.org/TR/xhtml1/DTD/xhtml1-transitional.dtd">
<html xmlns="http://www.w3.org/1999/xhtml" xml:lang="en" lang="en">
 <head>
  <title>
</title>
<meta http-equiv="Content-Type" content="text/html;charset=utf-8" />
  <meta name='ocr-system' content='tesseract 3.04.00' />
  <meta name='ocr-capabilities' content='ocr_page ocr_carea ocr_par ocr_line ocrx_word'/>
</head>
<body>
  <div class='ocr_page' id='page_1' title='image "./quintiseptimiflo47tertuoft_0096.png"; bbox 0 0 2248 3646; ppageno 0'>
   <div class='ocr_carea' id='block_1_1' title="bbox 171 147 1683 202">
    <p class='ocr_par' dir='ltr' id='par_1_1' title="bbox 171 147 1683 202">
     <span class='ocr_line' id='line_1_1' title="bbox 171 147 1683 202; baseline 0.001 -13"><span class='ocrx_word' id='word_1_1' title='bbox 171 151 236 201; x_wconf 79' lang='grc'>56</span> <span class='ocrx_word' id='word_1_2' title='bbox 543 147 732 200; x_wconf 81' lang='lat' dir='ltr'>Quinti</span> <span class='ocrx_word' id='word_1_3' title='bbox 772 147 998 202; x_wconf 80' lang='lat' dir='ltr'>Septimi</span> <span class='ocrx_word' id='word_1_4' title='bbox 1030 148 1312 189; x_wconf 83' lang='lat' dir='ltr'>Florentis</span> <span class='ocrx_word' id='word_1_5' title='bbox 1346 148 1683 191; x_wconf 75' lang='lat' dir='ltr'>Tertulliani</span> 
     </span>
    </p>
   </div>
   <div class='ocr_carea' id='block_1_2' title="bbox 172 308 2132 2570">
    <p class='ocr_par' dir='ltr' id='par_1_2' title="bbox 172 308 2132 2133">
     <span class='ocr_line' id='line_1_2' title="bbox 173 308 2047 369; baseline 0.002 -10"><span class='ocrx_word' id='word_1_6' title='bbox 173 312 570 360; x_wconf 80' lang='lat' dir='ltr'>antecursorem.</span> <span class='ocrx_word' id='word_1_7' title='bbox 633 309 729 358; x_wconf 92' lang='lat' dir='ltr'>ita</span> <span class='ocrx_word' id='word_1_8' title='bbox 784 311 845 359; x_wconf 93' lang='lat' dir='ltr'>et</span> <span class='ocrx_word' id='word_1_9' title='bbox 897 324 1032 369; x_wconf 78' lang='lat' dir='ltr'>UOS,</span> <span class='ocrx_word' id='word_1_10' title='bbox 1082 323 1219 358; x_wconf 89' lang='lat' dir='ltr'>cum</span> <span class='ocrx_word' id='word_1_11' title='bbox 1268 308 1593 359; x_wconf 87' lang='lat' dir='ltr'>uideritis</span> <span class='ocrx_word' id='word_1_12' title='bbox 1651 310 1861 361; x_wconf 86' lang='lat' dir='ltr'>omnia</span> <span class='ocrx_word' id='word_1_13' title='bbox 1915 312 2047 362; x_wconf 88' lang='lat' dir='ltr'>ista</span> 
     </span>
     <span class='ocr_line' id='line_1_3' title="bbox 172 396 2046 466; baseline 0.002 -19"><span class='ocrx_word' id='word_1_14' title='bbox 172 397 345 458; x_wconf 69' lang='lat' dir='ltr'>fieri,</span> <span class='ocrx_word' id='word_1_15' title='bbox 390 396 640 446; x_wconf 90' lang='lat' dir='ltr'>scitote</span> <span class='ocrx_word' id='word_1_16' title='bbox 673 396 733 445; x_wconf 89' lang='lat' dir='ltr'>in</span> <span class='ocrx_word' id='word_1_17' title='bbox 768 396 1061 461; x_wconf 81' lang='lat' dir='ltr'>proximo</span> <span class='ocrx_word' id='word_1_18' title='bbox 1106 411 1251 446; x_wconf 88' lang='lat' dir='ltr'>esse</span> <span class='ocrx_word' id='word_1_19' title='bbox 1289 412 1555 462; x_wconf 90' lang='lat' dir='ltr'>regnum</span> <span class='ocrx_word' id='word_1_20' title='bbox 1597 397 1715 448; x_wconf 81' lang='lat' dir='ltr'>dei.</span> <span class='ocrx_word' id='word_1_21' title='bbox 1756 398 2046 466; x_wconf 89' lang='lat' dir='ltr'>uigilate</span> 
     </span>
     <span class='ocr_line' id='line_1_4' title="bbox 173 483 2047 553; baseline 0.001 -17"><span class='ocrx_word' id='word_1_22' title='bbox 173 501 322 551; x_wconf 88' lang='lat' dir='ltr'>ergo</span> <span class='ocrx_word' id='word_1_23' title='bbox 359 484 526 534; x_wconf 89' lang='lat' dir='ltr'>omni</span> <span class='ocrx_word' id='word_1_24' title='bbox 561 484 621 533; x_wconf 86' lang='lat' dir='ltr'>in</span> <span class='ocrx_word' id='word_1_25' title='bbox 657 486 964 549; x_wconf 86' lang='lat' dir='ltr'>tempore,</span> <span class='ocrx_word' id='word_1_26' title='bbox 1006 486 1075 533; x_wconf 91' lang='lat' dir='ltr'>ut</span> <span class='ocrx_word' id='word_1_27' title='bbox 1115 483 1299 549; x_wconf 82' lang='lat' dir='ltr'>digni</span> <span class='ocrx_word' id='word_1_28' title='bbox 1331 484 1711 535; x_wconf 77' lang='lat' dir='ltr'>habeamini</span> <span class='ocrx_word' id='word_1_29' title='bbox 1746 486 2047 553; x_wconf 80' lang='lat' dir='ltr'><strong>effugere</strong></span> 
     </span>
     <span class='ocr_line' id='line_1_5' title="bbox 174 571 2050 641; baseline 0.002 -19"><span class='ocrx_word' id='word_1_30' title='bbox 174 572 389 623; x_wconf 89' lang='lat' dir='ltr'>omnia</span> <span class='ocrx_word' id='word_1_31' title='bbox 427 573 562 622; x_wconf 84' lang='lat' dir='ltr'>ista</span> <span class='ocrx_word' id='word_1_32' title='bbox 602 574 664 622; x_wconf 90' lang='lat' dir='ltr'>et</span> <span class='ocrx_word' id='word_1_33' title='bbox 705 571 902 621; x_wconf 88' lang='lat' dir='ltr'>stetis</span> <span class='ocrx_word' id='word_1_34' title='bbox 946 574 1093 621; x_wconf 88' lang='lat' dir='ltr'>ante</span> <span class='ocrx_word' id='word_1_35' title='bbox 1135 571 1358 621; x_wconf 85' lang='lat' dir='ltr'>filium</span> <span class='ocrx_word' id='word_1_36' title='bbox 1402 572 1705 635; x_wconf 83' lang='lat' dir='ltr'>hominis,</span> <span class='ocrx_word' id='word_1_37' title='bbox 1748 574 1929 639; x_wconf 90' lang='lat' dir='ltr'>utique</span> <span class='ocrx_word' id='word_1_38' title='bbox 1962 591 2050 641; x_wconf 90' lang='lat' dir='ltr'>per</span> 
     </span>
     <span class='ocr_line' id='line_1_6' title="bbox 172 658 2120 729; baseline 0.001 -19"><span class='ocrx_word' id='word_1_39' title='bbox 172 659 616 722; x_wconf 74' lang='lat' dir='ltr'><strong>resurrectionem,</strong></span> <span class='ocrx_word' id='word_1_40' title='bbox 664 658 902 709; x_wconf 88' lang='lat' dir='ltr'>omnibus</span> <span class='ocrx_word' id='word_1_41' title='bbox 953 660 1067 707; x_wconf 84' lang='lat' dir='ltr'>ante</span> <span class='ocrx_word' id='word_1_42' title='bbox 1119 658 1410 708; x_wconf 68' lang='lat' dir='ltr'>transactis.</span> <span class='ocrx_word' id='word_1_43' title='bbox 1452 659 1526 709; x_wconf 88' lang='lat' dir='ltr'>ita</span> <span class='ocrx_word' id='word_1_44' title='bbox 1566 660 1662 711; x_wconf 87' lang='lat' dir='ltr'>etsi</span> <span class='ocrx_word' id='word_1_45' title='bbox 1701 660 1752 711; x_wconf 83' lang='lat' dir='ltr'>in</span> <span class='ocrx_word' id='word_1_46' title='bbox 1793 662 2050 729; x_wconf 73' lang='lat' dir='ltr'>agnitione</span> <span class='ocrx_word' id='word_1_47' title='bbox 2101 678 2120 711; x_wconf 84' lang='lat'><strong>5</strong></span> 
     </span>
     <span class='ocr_line' id='line_1_7' title="bbox 175 742 2052 811; baseline 0.001 -12"><span class='ocrx_word' id='word_1_48' title='bbox 175 747 482 799; x_wconf 74' lang='lat' dir='ltr'>sacramenti</span> <span class='ocrx_word' id='word_1_49' title='bbox 535 747 762 810; x_wconf 82' lang='lat' dir='ltr'>fruticat,</span> <span class='ocrx_word' id='word_1_50' title='bbox 821 746 909 798; x_wconf 84' lang='lat' dir='ltr'>sed</span> <span class='ocrx_word' id='word_1_51' title='bbox 957 746 1008 796; x_wconf 91' lang='lat' dir='ltr'>in</span> <span class='ocrx_word' id='word_1_52' title='bbox 1066 742 1259 796; x_wconf 85' lang='lat' dir='ltr'>domini</span> <span class='ocrx_word' id='word_1_53' title='bbox 1305 748 1772 811; x_wconf 69' lang='lat' dir='ltr'>repraesentatione</span> <span class='ocrx_word' id='word_1_54' title='bbox 1825 749 2052 800; x_wconf 85' lang='lat' dir='ltr'>florescit</span> 
     </span>
     <span class='ocr_line' id='line_1_8' title="bbox 175 834 2051 902; baseline 0.002 -16"><span class='ocrx_word' id='word_1_55' title='bbox 175 840 328 902; x_wconf 87' lang='lat' dir='ltr'>atque</span> <span class='ocrx_word' id='word_1_56' title='bbox 385 835 654 901; x_wconf 86' lang='lat' dir='ltr'>frugescit.</span> <span class='ocrx_word' id='word_1_57' title='bbox 705 834 820 900; x_wconf 86' lang='lat' dir='ltr'>quis</span> <span class='ocrx_word' id='word_1_58' title='bbox 863 850 982 901; x_wconf 85' lang='lat' dir='ltr'>ergo</span> <span class='ocrx_word' id='word_1_59' title='bbox 1034 835 1294 885; x_wconf 84' lang='lat' dir='ltr'>dominum</span> <span class='ocrx_word' id='word_1_60' title='bbox 1345 837 1449 885; x_wconf 91' lang='lat' dir='ltr'>tam</span> <span class='ocrx_word' id='word_1_61' title='bbox 1505 835 1888 902; x_wconf 81' lang='lat' dir='ltr'>intempestiue,</span> <span class='ocrx_word' id='word_1_62' title='bbox 1945 841 2051 889; x_wconf 88' lang='lat' dir='ltr'>tam</span> 
     </span>
     <span class='ocr_line' id='line_1_9' title="bbox 176 922 2051 990; baseline 0.001 -16"><span class='ocrx_word' id='word_1_63' title='bbox 176 925 354 975; x_wconf 88' lang='lat' dir='ltr'>acerbe</span> <span class='ocrx_word' id='word_1_64' title='bbox 396 922 641 974; x_wconf 79' lang='lat' dir='ltr'>excitauit</span> <span class='ocrx_word' id='word_1_65' title='bbox 686 923 787 973; x_wconf 89' lang='lat' dir='ltr'>iam</span> <span class='ocrx_word' id='word_1_66' title='bbox 844 938 872 972; x_wconf 91' lang='lat' dir='ltr'>a</span> <span class='ocrx_word' id='word_1_67' title='bbox 927 922 1130 972; x_wconf 81' lang='lat' dir='ltr'>dextera</span> <span class='ocrx_word' id='word_1_68' title='bbox 1178 922 1258 973; x_wconf 70' lang='lat' dir='ltr'>clei</span> <span class='ocrx_word' id='word_1_69' title='bbox 1299 922 1361 972; x_wconf 82' lang='lat' dir='ltr'>ad</span> <span class='ocrx_word' id='word_1_70' title='bbox 1408 923 1824 990; x_wconf 75' lang='lat' dir='ltr'>confringendam</span> <span class='ocrx_word' id='word_1_71' title='bbox 1865 928 2051 976; x_wconf 89' lang='lat' dir='ltr'>terram</span> 
     </span>
     <span class='ocr_line' id='line_1_10' title="bbox 178 1010 2052 1078; baseline -0.001 -15"><span class='ocrx_word' id='word_1_72' title='bbox 178 1011 460 1063; x_wconf 86' lang='lat' dir='ltr'>secundum</span> <span class='ocrx_word' id='word_1_73' title='bbox 508 1011 732 1071; x_wconf 70' lang='lat' dir='ltr'>Esaiam,</span> <span class='ocrx_word' id='word_1_74' title='bbox 786 1026 932 1076; x_wconf 87' lang='lat' dir='ltr'>quae.</span> <span class='ocrx_word' id='word_1_75' title='bbox 981 1012 1124 1075; x_wconf 86' lang='lat' dir='ltr'>puto,</span> <span class='ocrx_word' id='word_1_76' title='bbox 1176 1010 1343 1062; x_wconf 85' lang='lat' dir='ltr'>adhuc</span> <span class='ocrx_word' id='word_1_77' title='bbox 1388 1011 1590 1078; x_wconf 86' lang='lat' dir='ltr'>integra</span> <span class='ocrx_word' id='word_1_78' title='bbox 1638 1014 1750 1063; x_wconf 84' lang='lat' dir='ltr'>est‘?</span> <span class='ocrx_word' id='word_1_79' title='bbox 1801 1012 1914 1078; x_wconf 91' lang='lat' dir='ltr'>quis</span> <span class='ocrx_word' id='word_1_80' title='bbox 1961 1012 2052 1062; x_wconf 88' lang='lat' dir='ltr'>ini-</span> 
     </span>
     <span class='ocr_line' id='line_1_11' title="bbox 176 1098 2125 1164; baseline -0.001 -14"><span class='ocrx_word' id='word_1_81' title='bbox 176 1101 338 1151; x_wconf 89' lang='lat' dir='ltr'>micos</span> <span class='ocrx_word' id='word_1_82' title='bbox 396 1099 588 1150; x_wconf 77' lang='lat' dir='ltr'>Christi</span> <span class='ocrx_word' id='word_1_83' title='bbox 639 1099 740 1148; x_wconf 88' lang='lat' dir='ltr'>iam</span> <span class='ocrx_word' id='word_1_84' title='bbox 797 1099 1020 1149; x_wconf 88' lang='lat' dir='ltr'>subiecit</span> <span class='ocrx_word' id='word_1_85' title='bbox 1071 1098 1291 1164; x_wconf 81' lang='lat' dir='ltr'>pedibus</span> <span class='ocrx_word' id='word_1_86' title='bbox 1357 1099 1465 1149; x_wconf 84' lang='lat' dir='ltr'>eius</span> <span class='ocrx_word' id='word_1_87' title='bbox 1530 1099 1811 1150; x_wconf 83' lang='lat' dir='ltr'>secundum</span> <span class='ocrx_word' id='word_1_88' title='bbox 1867 1100 2050 1162; x_wconf 79' lang='lat' dir='ltr'>Dauid,</span> <span class='ocrx_word' id='word_1_89' title='bbox 2087 1118 2125 1149; x_wconf 73' lang='grc' dir='ltr'>ιο</span> 
     </span>
     <span class='ocr_line' id='line_1_12' title="bbox 179 1185 2052 1254; baseline 0 -17"><span class='ocrx_word' id='word_1_90' title='bbox 179 1188 325 1254; x_wconf 87' lang='lat' dir='ltr'>quasi</span> <span class='ocrx_word' id='word_1_91' title='bbox 365 1187 593 1247; x_wconf 75' lang='lat' dir='ltr'>uelocior</span> <span class='ocrx_word' id='word_1_92' title='bbox 624 1189 783 1253; x_wconf 80' lang='lat' dir='ltr'>patre.</span> <span class='ocrx_word' id='word_1_93' title='bbox 828 1185 964 1236; x_wconf 90' lang='lat' dir='ltr'>omni</span> <span class='ocrx_word' id='word_1_94' title='bbox 999 1185 1166 1236; x_wconf 85' lang='lat' dir='ltr'>adhuc</span> <span class='ocrx_word' id='word_1_95' title='bbox 1198 1187 1527 1252; x_wconf 88' lang='lat' dir='ltr'>popularium</span> <span class='ocrx_word' id='word_1_96' title='bbox 1562 1190 1710 1237; x_wconf 91' lang='lat' dir='ltr'>coetu</span> <span class='ocrx_word' id='word_1_97' title='bbox 1745 1188 2052 1238; x_wconf 69' lang='lat' dir='ltr'>reclamante</span> 
     </span>
     <span class='ocr_line' id='line_1_13' title="bbox 180 1274 2053 1339; baseline -0.001 -12"><span class='ocrx_word' id='word_1_98' title='bbox 180 1275 517 1327; x_wconf 81' lang='lat' dir='ltr'>‘Christianos</span> <span class='ocrx_word' id='word_1_99' title='bbox 553 1274 614 1325; x_wconf 82' lang='lat' dir='ltr'>ad</span> <span class='ocrx_word' id='word_1_100' title='bbox 655 1277 906 1325; x_wconf 75' lang='lat' dir='ltr'>leonem&#39;?</span> <span class='ocrx_word' id='word_1_101' title='bbox 942 1275 1057 1339; x_wconf 86' lang='lat' dir='ltr'>quis</span> <span class='ocrx_word' id='word_1_102' title='bbox 1092 1275 1231 1325; x_wconf 88' lang='lat' dir='ltr'>caelo</span> <span class='ocrx_word' id='word_1_103' title='bbox 1267 1274 1659 1325; x_wconf 73' lang='lat' dir='ltr'>descendentem</span> <span class='ocrx_word' id='word_1_104' title='bbox 1692 1275 1864 1325; x_wconf 90' lang='lat' dir='ltr'>Iesum</span> <span class='ocrx_word' id='word_1_105' title='bbox 1898 1276 2053 1326; x_wconf 87' lang='lat' dir='ltr'>talem</span> 
     </span>
     <span class='ocr_line' id='line_1_14' title="bbox 181 1362 2055 1429; baseline -0.002 -13"><span class='ocrx_word' id='word_1_106' title='bbox 181 1364 446 1429; x_wconf 72' lang='lat' dir='ltr'>conspexit</span> <span class='ocrx_word' id='word_1_107' title='bbox 501 1364 703 1428; x_wconf 88' lang='lat' dir='ltr'>qualem</span> <span class='ocrx_word' id='word_1_108' title='bbox 770 1362 1132 1414; x_wconf 86' lang='lat' dir='ltr'>ascendentem</span> <span class='ocrx_word' id='word_1_109' title='bbox 1191 1363 1412 1428; x_wconf 88' lang='lat' dir='ltr'>apostoli</span> <span class='ocrx_word' id='word_1_110' title='bbox 1473 1362 1710 1413; x_wconf 86' lang='lat' dir='ltr'>uiderant</span> <span class='ocrx_word' id='word_1_111' title='bbox 1771 1363 2055 1414; x_wconf 81' lang='lat' dir='ltr'>secundum</span> 
     </span>
     <span class='ocr_line' id='line_1_15' title="bbox 181 1449 2054 1518; baseline -0.001 -15"><span class='ocrx_word' id='word_1_112' title='bbox 181 1453 481 1518; x_wconf 81' lang='lat' dir='ltr'>angelorum</span> <span class='ocrx_word' id='word_1_113' title='bbox 517 1451 895 1502; x_wconf 76' lang='lat' dir='ltr'>constitutum?</span> <span class='ocrx_word' id='word_1_114' title='bbox 930 1449 1073 1499; x_wconf 86' lang='lat' dir='ltr'>nulla</span> <span class='ocrx_word' id='word_1_115' title='bbox 1114 1450 1175 1499; x_wconf 85' lang='lat' dir='ltr'>ad</span> <span class='ocrx_word' id='word_1_116' title='bbox 1205 1449 1512 1500; x_wconf 85' lang='lat' dir='ltr'>hodiernum</span> <span class='ocrx_word' id='word_1_117' title='bbox 1555 1451 1720 1501; x_wconf 87' lang='lat' dir='ltr'>tribus</span> <span class='ocrx_word' id='word_1_118' title='bbox 1761 1451 1823 1500; x_wconf 87' lang='lat' dir='ltr'>ad</span> <span class='ocrx_word' id='word_1_119' title='bbox 1863 1451 2054 1501; x_wconf 85' lang='lat' dir='ltr'>tribum</span> 
     </span>
     <span class='ocr_line' id='line_1_16' title="bbox 179 1538 2130 1606; baseline -0.002 -16"><span class='ocrx_word' id='word_1_120' title='bbox 179 1547 391 1606; x_wconf 80' lang='lat' dir='ltr'>pectora</span> <span class='ocrx_word' id='word_1_121' title='bbox 417 1539 728 1600; x_wconf 84' lang='lat' dir='ltr'>ceciderunt,</span> <span class='ocrx_word' id='word_1_122' title='bbox 764 1542 1102 1605; x_wconf 85' lang='lat' dir='ltr'>agnoscentes</span> <span class='ocrx_word' id='word_1_123' title='bbox 1137 1553 1286 1601; x_wconf 90' lang='lat' dir='ltr'>quem</span> <span class='ocrx_word' id='word_1_124' title='bbox 1322 1541 1672 1603; x_wconf 85' lang='lat' dir='ltr'>pupugerunt,</span> <span class='ocrx_word' id='word_1_125' title='bbox 1706 1554 1853 1589; x_wconf 89' lang='lat' dir='ltr'>nemo</span> <span class='ocrx_word' id='word_1_126' title='bbox 1890 1538 2056 1589; x_wconf 82' lang='lat' dir='ltr'>adhuc</span> <span class='ocrx_word' id='word_1_127' title='bbox 2090 1554 2130 1587; x_wconf 81' lang='lat'>15</span> 
     </span>
     <span class='ocr_line' id='line_1_17' title="bbox 183 1625 2060 1693; baseline -0.001 -15"><span class='ocrx_word' id='word_1_128' title='bbox 183 1628 380 1693; x_wconf 76' lang='lat' dir='ltr'>excepit</span> <span class='ocrx_word' id='word_1_129' title='bbox 418 1627 642 1687; x_wconf 77' lang='lat' dir='ltr'>Heliam,</span> <span class='ocrx_word' id='word_1_130' title='bbox 683 1641 831 1676; x_wconf 89' lang='lat' dir='ltr'>nemo</span> <span class='ocrx_word' id='word_1_131' title='bbox 876 1625 1041 1676; x_wconf 89' lang='lat' dir='ltr'>adhuc</span> <span class='ocrx_word' id='word_1_132' title='bbox 1082 1625 1219 1692; x_wconf 87' lang='lat' dir='ltr'>fugit</span> <span class='ocrx_word' id='word_1_133' title='bbox 1266 1626 1646 1686; x_wconf 64' lang='lat' dir='ltr'>antichristum,</span> <span class='ocrx_word' id='word_1_134' title='bbox 1694 1642 1842 1677; x_wconf 87' lang='lat' dir='ltr'>nemo</span> <span class='ocrx_word' id='word_1_135' title='bbox 1895 1626 2060 1677; x_wconf 76' lang='lat' dir='ltr'>adhuc</span> 
     </span>
     <span class='ocr_line' id='line_1_18' title="bbox 183 1714 2062 1782; baseline -0.001 -16"><span class='ocrx_word' id='word_1_136' title='bbox 183 1716 464 1782; x_wconf 79' lang='lat' dir='ltr'>Babylonis</span> <span class='ocrx_word' id='word_1_137' title='bbox 507 1716 700 1765; x_wconf 81' lang='lat' dir='ltr'>exitum</span> <span class='ocrx_word' id='word_1_138' title='bbox 740 1714 911 1764; x_wconf 87' lang='lat' dir='ltr'>fleuit:</span> <span class='ocrx_word' id='word_1_139' title='bbox 956 1717 1034 1765; x_wconf 92' lang='lat' dir='ltr'>est</span> <span class='ocrx_word' id='word_1_140' title='bbox 1071 1714 1193 1777; x_wconf 82' lang='lat' dir='ltr'>iam,</span> <span class='ocrx_word' id='word_1_141' title='bbox 1237 1714 1323 1779; x_wconf 89' lang='lat' dir='ltr'>qui</span> <span class='ocrx_word' id='word_1_142' title='bbox 1363 1715 1711 1774; x_wconf 72' lang='lat' dir='ltr'>resurrexerit,</span> <span class='ocrx_word' id='word_1_143' title='bbox 1745 1715 1844 1765; x_wconf 88' lang='lat' dir='ltr'>nisi</span> <span class='ocrx_word' id='word_1_144' title='bbox 1874 1714 2062 1781; x_wconf 85' lang='lat' dir='ltr'>&lt;quod&gt;</span> 
     </span>
     <span class='ocr_line' id='line_1_19' title="bbox 182 1802 2060 1870; baseline 0 -17"><span class='ocrx_word' id='word_1_145' title='bbox 182 1804 490 1854; x_wconf 88' lang='lat' dir='ltr'>haereticus.</span> <span class='ocrx_word' id='word_1_146' title='bbox 547 1803 669 1870; x_wconf 75' lang='lat' dir='ltr'>exiit</span> <span class='ocrx_word' id='word_1_147' title='bbox 721 1803 871 1868; x_wconf 89' lang='lat' dir='ltr'>plane</span> <span class='ocrx_word' id='word_1_148' title='bbox 920 1802 1023 1852; x_wconf 89' lang='lat' dir='ltr'>iam</span> <span class='ocrx_word' id='word_1_149' title='bbox 1073 1802 1132 1853; x_wconf 84' lang='lat' dir='ltr'>de</span> <span class='ocrx_word' id='word_1_150' title='bbox 1190 1803 1417 1869; x_wconf 90' lang='lat' dir='ltr'>corporis</span> <span class='ocrx_word' id='word_1_151' title='bbox 1475 1804 1710 1868; x_wconf 87' lang='lat' dir='ltr'>sepulcro</span> <span class='ocrx_word' id='word_1_152' title='bbox 1769 1804 2060 1853; x_wconf 83' lang='lat' dir='ltr'>etiamnunc</span> 
     </span>
     <span class='ocr_line' id='line_1_20' title="bbox 183 1890 2060 1953; baseline -0.001 -11"><span class='ocrx_word' id='word_1_153' title='bbox 183 1892 413 1942; x_wconf 77' lang='lat' dir='ltr'>febribus</span> <span class='ocrx_word' id='word_1_154' title='bbox 465 1895 514 1942; x_wconf 90' lang='lat' dir='ltr'>et</span> <span class='ocrx_word' id='word_1_155' title='bbox 561 1891 822 1942; x_wconf 83' lang='lat' dir='ltr'>ulceribus</span> <span class='ocrx_word' id='word_1_156' title='bbox 874 1891 1140 1953; x_wconf 74' lang='lat' dir='ltr'>obnox&#39;mS,</span> <span class='ocrx_word' id='word_1_157' title='bbox 1191 1893 1241 1940; x_wconf 88' lang='lat' dir='ltr'>et</span> <span class='ocrx_word' id='word_1_158' title='bbox 1290 1891 1619 1941; x_wconf 87' lang='lat' dir='ltr'>conculcauit</span> <span class='ocrx_word' id='word_1_159' title='bbox 1664 1891 1766 1941; x_wconf 87' lang='lat' dir='ltr'>iam</span> <span class='ocrx_word' id='word_1_160' title='bbox 1823 1890 2060 1941; x_wconf 85' lang='lat' dir='ltr'>inimicos</span> 
     </span>
     <span class='ocr_line' id='line_1_21' title="bbox 186 1978 2132 2044; baseline -0.003 -14"><span class='ocrx_word' id='word_1_161' title='bbox 186 1980 480 2031; x_wconf 84' lang='lat' dir='ltr'>etiamnunc</span> <span class='ocrx_word' id='word_1_162' title='bbox 534 1979 720 2030; x_wconf 84' lang='lat' dir='ltr'>luctari</span> <span class='ocrx_word' id='word_1_163' title='bbox 775 1979 968 2030; x_wconf 89' lang='lat' dir='ltr'>habens</span> <span class='ocrx_word' id='word_1_164' title='bbox 1018 1994 1134 2030; x_wconf 91' lang='lat' dir='ltr'>cum</span> <span class='ocrx_word' id='word_1_165' title='bbox 1183 1978 1362 2029; x_wconf 83' lang='lat' dir='ltr'>mundi</span> <span class='ocrx_word' id='word_1_166' title='bbox 1416 1978 1731 2044; x_wconf 83' lang='lat' dir='ltr'>potentibus,</span> <span class='ocrx_word' id='word_1_167' title='bbox 1781 1982 1830 2029; x_wconf 87' lang='lat' dir='ltr'>et</span> <span class='ocrx_word' id='word_1_168' title='bbox 1882 1978 2061 2043; x_wconf 85' lang='lat' dir='ltr'>utique</span> <span class='ocrx_word' id='word_1_169' title='bbox 2092 1995 2132 2026; x_wconf 87' lang='lat'>20</span> 
     </span>
     <span class='ocr_line' id='line_1_22' title="bbox 186 2066 1951 2133; baseline 0 -17"><span class='ocrx_word' id='word_1_170' title='bbox 186 2067 287 2116; x_wconf 89' lang='lat' dir='ltr'>iam</span> <span class='ocrx_word' id='word_1_171' title='bbox 329 2074 512 2133; x_wconf 85' lang='lat' dir='ltr'>regnat</span> <span class='ocrx_word' id='word_1_172' title='bbox 553 2067 847 2118; x_wconf 87' lang='lat' dir='ltr'>etiamnunc</span> <span class='ocrx_word' id='word_1_173' title='bbox 892 2066 1097 2118; x_wconf 83' lang='lat' dir='ltr'>Caesari</span> <span class='ocrx_word' id='word_1_174' title='bbox 1139 2082 1267 2131; x_wconf 88' lang='lat' dir='ltr'>quae</span> <span class='ocrx_word' id='word_1_175' title='bbox 1311 2070 1431 2117; x_wconf 87' lang='lat' dir='ltr'>sunt</span> <span class='ocrx_word' id='word_1_176' title='bbox 1473 2066 1702 2117; x_wconf 87' lang='lat' dir='ltr'>Caesaris</span> <span class='ocrx_word' id='word_1_177' title='bbox 1745 2067 1951 2118; x_wconf 81' lang='lat' dir='ltr'>debens.</span> 
     </span>
    </p>

    <p class='ocr_par' dir='ltr' id='par_1_3' title="bbox 186 2153 2132 2570">
     <span class='ocr_line' id='line_1_23' title="bbox 258 2153 2062 2220; baseline 0.001 -16"><span class='ocrx_word' id='word_1_178' title='bbox 258 2157 343 2205; x_wconf 83' lang='grc'>23.</span> <span class='ocrx_word' id='word_1_179' title='bbox 388 2155 553 2205; x_wconf 88' lang='lat' dir='ltr'>Docet</span> <span class='ocrx_word' id='word_1_180' title='bbox 593 2154 799 2220; x_wconf 82' lang='lat' dir='ltr'>quidem</span> <span class='ocrx_word' id='word_1_181' title='bbox 843 2155 1110 2220; x_wconf 86' lang='lat' dir='ltr'>apostolus</span> <span class='ocrx_word' id='word_1_182' title='bbox 1147 2153 1514 2206; x_wconf 88' lang='lat' dir='ltr'>Colosensibus</span> <span class='ocrx_word' id='word_1_183' title='bbox 1559 2155 1789 2205; x_wconf 88' lang='lat' dir='ltr'>scribens</span> <span class='ocrx_word' id='word_1_184' title='bbox 1830 2158 2062 2205; x_wconf 88' lang='lat' dir='ltr'>mortuos</span> 
     </span>
     <span class='ocr_line' id='line_1_24' title="bbox 186 2242 2060 2307; baseline 0 -15"><span class='ocrx_word' id='word_1_185' title='bbox 186 2242 350 2294; x_wconf 86' lang='lat' dir='ltr'>fuisse</span> <span class='ocrx_word' id='word_1_186' title='bbox 405 2259 497 2294; x_wconf 90' lang='lat' dir='ltr'>nos</span> <span class='ocrx_word' id='word_1_187' title='bbox 556 2242 850 2307; x_wconf 79' lang='lat' dir='ltr'>aliquando,</span> <span class='ocrx_word' id='word_1_188' title='bbox 909 2243 1158 2293; x_wconf 82' lang='lat' dir='ltr'>alienatos</span> <span class='ocrx_word' id='word_1_189' title='bbox 1215 2245 1264 2293; x_wconf 90' lang='lat' dir='ltr'>et</span> <span class='ocrx_word' id='word_1_190' title='bbox 1317 2242 1555 2294; x_wconf 88' lang='lat' dir='ltr'>inimicos</span> <span class='ocrx_word' id='word_1_191' title='bbox 1614 2258 1797 2294; x_wconf 89' lang='lat' dir='ltr'>sensus</span> <span class='ocrx_word' id='word_1_192' title='bbox 1854 2243 2060 2305; x_wconf 82' lang='lat' dir='ltr'>domini,</span> 
     </span>
     <span class='ocr_line' id='line_1_25' title="bbox 188 2330 2060 2396; baseline 0.001 -16"><span class='ocrx_word' id='word_1_193' title='bbox 188 2346 303 2381; x_wconf 89' lang='lat' dir='ltr'>cum</span> <span class='ocrx_word' id='word_1_194' title='bbox 336 2330 385 2380; x_wconf 89' lang='lat' dir='ltr'>in</span> <span class='ocrx_word' id='word_1_195' title='bbox 415 2330 654 2396; x_wconf 86' lang='lat' dir='ltr'>operibus</span> <span class='ocrx_word' id='word_1_196' title='bbox 680 2330 922 2395; x_wconf 90' lang='lat' dir='ltr'>pessimis</span> <span class='ocrx_word' id='word_1_197' title='bbox 952 2330 1247 2396; x_wconf 78' lang='lat' dir='ltr'>agebamUS,</span> <span class='ocrx_word' id='word_1_198' title='bbox 1285 2330 1464 2381; x_wconf 85' lang='lat' dir='ltr'>dehinc</span> <span class='ocrx_word' id='word_1_199' title='bbox 1493 2332 1822 2396; x_wconf 86' lang='lat' dir='ltr'>consepultos</span> <span class='ocrx_word' id='word_1_200' title='bbox 1858 2330 2060 2383; x_wconf 86' lang='lat' dir='ltr'>Christo</span> 
     </span>
     <span class='ocr_line' id='line_1_26' title="bbox 188 2417 2132 2484; baseline -0.002 -16"><span class='ocrx_word' id='word_1_201' title='bbox 188 2419 237 2468; x_wconf 89' lang='lat' dir='ltr'>in</span> <span class='ocrx_word' id='word_1_202' title='bbox 277 2417 590 2483; x_wconf 87' lang='lat' dir='ltr'>baptismate</span> <span class='ocrx_word' id='word_1_203' title='bbox 625 2420 676 2469; x_wconf 92' lang='lat' dir='ltr'>et</span> <span class='ocrx_word' id='word_1_204' title='bbox 715 2419 1155 2469; x_wconf 85' lang='lat' dir='ltr'>conresuscitatos</span> <span class='ocrx_word' id='word_1_205' title='bbox 1189 2417 1239 2467; x_wconf 91' lang='lat' dir='ltr'>in</span> <span class='ocrx_word' id='word_1_206' title='bbox 1276 2433 1331 2468; x_wconf 93' lang='lat' dir='ltr'>eo</span> <span class='ocrx_word' id='word_1_207' title='bbox 1365 2433 1454 2484; x_wconf 89' lang='lat' dir='ltr'>per</span> <span class='ocrx_word' id='word_1_208' title='bbox 1486 2418 1637 2468; x_wconf 85' lang='lat' dir='ltr'>fidem</span> <span class='ocrx_word' id='word_1_209' title='bbox 1671 2417 1929 2468; x_wconf 82' lang='lat' dir='ltr'>efficaciae</span> <span class='ocrx_word' id='word_1_210' title='bbox 1964 2417 2058 2480; x_wconf 81' lang='lat' dir='ltr'>dei,</span> <span class='ocrx_word' id='word_1_211' title='bbox 2091 2433 2132 2465; x_wconf 85' lang='lat'>25</span> 
     </span>
     <span class='ocr_line' id='line_1_27' title="bbox 189 2505 2058 2570; baseline 0 -15"><span class='ocrx_word' id='word_1_212' title='bbox 189 2505 276 2570; x_wconf 83' lang='lat' dir='ltr'>qui</span> <span class='ocrx_word' id='word_1_213' title='bbox 314 2505 464 2555; x_wconf 89' lang='lat' dir='ltr'>illum</span> <span class='ocrx_word' id='word_1_214' title='bbox 507 2505 772 2556; x_wconf 85' lang='lat' dir='ltr'>suscitarit</span> <span class='ocrx_word' id='word_1_215' title='bbox 812 2521 839 2555; x_wconf 90' lang='lat' dir='ltr'>a</span> <span class='ocrx_word' id='word_1_216' title='bbox 879 2506 1121 2555; x_wconf 88' lang='lat' dir='ltr'>mortuis:</span> <span class='ocrx_word' id='word_1_217' title='bbox 1166 2507 1242 2562; x_wconf 69' lang='lat' dir='ltr'>et,</span> <span class='ocrx_word' id='word_1_218' title='bbox 1266 2521 1381 2556; x_wconf 92' lang='lat' dir='ltr'>uos</span> <span class='ocrx_word' id='word_1_219' title='bbox 1428 2521 1566 2555; x_wconf 90' lang='lat' dir='ltr'>cum</span> <span class='ocrx_word' id='word_1_220' title='bbox 1607 2505 1851 2555; x_wconf 88' lang='lat' dir='ltr'>mortui</span> <span class='ocrx_word' id='word_1_221' title='bbox 1893 2520 2058 2555; x_wconf 83' lang='lat' dir='ltr'>esse-</span> 
     </span>
    </p>
   </div>
   <div class='ocr_carea' id='block_1_3' title="bbox 189 2619 2058 2895">
    <p class='ocr_par' dir='ltr' id='par_1_4' title="bbox 189 2619 2058 2895">
     <span class='ocr_line' id='line_1_28' title="bbox 327 2619 2058 2675; baseline -0.001 -13"><span class='ocrx_word' id='word_1_222' title='bbox 327 2621 368 2674; x_wconf 90' lang='lat'>1]</span> <span class='ocrx_word' id='word_1_223' title='bbox 402 2620 506 2662; x_wconf 86' lang='lat' dir='ltr'>Luc.</span> <span class='ocrx_word' id='word_1_224' title='bbox 538 2622 607 2670; x_wconf 93' lang='grc'>21,</span> <span class='ocrx_word' id='word_1_225' title='bbox 641 2621 708 2662; x_wconf 80' lang='lat'>31.</span> <span class='ocrx_word' id='word_1_226' title='bbox 801 2621 845 2675; x_wconf 94' lang='grc'>2]</span> <span class='ocrx_word' id='word_1_227' title='bbox 881 2620 987 2662; x_wconf 88' lang='lat' dir='ltr'>Luc.</span> <span class='ocrx_word' id='word_1_228' title='bbox 1022 2621 1088 2673; x_wconf 88' lang='grc'>21,</span> <span class='ocrx_word' id='word_1_229' title='bbox 1123 2621 1192 2663; x_wconf 83' lang='lat'>36.</span> <span class='ocrx_word' id='word_1_230' title='bbox 1285 2621 1329 2675; x_wconf 77' lang='lat'>8]</span> <span class='ocrx_word' id='word_1_231' title='bbox 1367 2620 1418 2662; x_wconf 79' lang='lat' dir='ltr'>cf.</span> <span class='ocrx_word' id='word_1_232' title='bbox 1454 2620 1524 2662; x_wconf 86' lang='lat' dir='ltr'>Es.</span> <span class='ocrx_word' id='word_1_233' title='bbox 1561 2621 1600 2670; x_wconf 93' lang='grc'>2,</span> <span class='ocrx_word' id='word_1_234' title='bbox 1637 2620 1701 2662; x_wconf 87' lang='grc'>19.</span> <span class='ocrx_word' id='word_1_235' title='bbox 1797 2620 1867 2675; x_wconf 95' lang='grc'>10]</span> <span class='ocrx_word' id='word_1_236' title='bbox 1903 2620 1954 2667; x_wconf 80' lang='lat' dir='ltr'>cf.</span> <span class='ocrx_word' id='word_1_237' title='bbox 1987 2619 2058 2661; x_wconf 90' lang='lat' dir='ltr'>Ps.</span> 
     </span>
     <span class='ocr_line' id='line_1_29' title="bbox 192 2691 2058 2748; baseline 0 -14"><span class='ocrx_word' id='word_1_238' title='bbox 192 2694 285 2744; x_wconf 80' lang='grc'>109,</span> <span class='ocrx_word' id='word_1_239' title='bbox 322 2694 358 2735; x_wconf 91' lang='grc'>1.</span> <span class='ocrx_word' id='word_1_240' title='bbox 451 2693 521 2747; x_wconf 83' lang='grc'>13]</span> <span class='ocrx_word' id='word_1_241' title='bbox 558 2694 610 2735; x_wconf 79' lang='lat' dir='ltr'>cf.</span> <span class='ocrx_word' id='word_1_242' title='bbox 635 2692 732 2735; x_wconf 89' lang='lat' dir='ltr'>Act.</span> <span class='ocrx_word' id='word_1_243' title='bbox 761 2693 797 2742; x_wconf 89' lang='lat'>1,</span> <span class='ocrx_word' id='word_1_244' title='bbox 827 2693 891 2734; x_wconf 91' lang='grc'>11.</span> <span class='ocrx_word' id='word_1_245' title='bbox 981 2693 1047 2748; x_wconf 84' lang='grc'>14]</span> <span class='ocrx_word' id='word_1_246' title='bbox 1076 2693 1130 2735; x_wconf 83' lang='lat' dir='ltr'>cf.</span> <span class='ocrx_word' id='word_1_247' title='bbox 1156 2693 1282 2735; x_wconf 88' lang='lat' dir='ltr'>Zach.</span> <span class='ocrx_word' id='word_1_248' title='bbox 1313 2692 1378 2746; x_wconf 81' lang='grc'>12,</span> <span class='ocrx_word' id='word_1_249' title='bbox 1409 2693 1472 2734; x_wconf 91' lang='grc'>12.</span> <span class='ocrx_word' id='word_1_250' title='bbox 1562 2693 1631 2747; x_wconf 83' lang='grc'>15]</span> <span class='ocrx_word' id='word_1_251' title='bbox 1661 2691 1714 2734; x_wconf 87' lang='lat' dir='ltr'>cf.</span> <span class='ocrx_word' id='word_1_252' title='bbox 1740 2693 1868 2734; x_wconf 82' lang='lat' dir='ltr'>Zach.</span> <span class='ocrx_word' id='word_1_253' title='bbox 1897 2692 1965 2743; x_wconf 88' lang='grc'>12,</span> <span class='ocrx_word' id='word_1_254' title='bbox 1993 2692 2058 2734; x_wconf 88' lang='grc'>10.</span> 
     </span>
     <span class='ocr_line' id='line_1_30' title="bbox 193 2765 2057 2822; baseline -0.001 -14"><span class='ocrx_word' id='word_1_255' title='bbox 193 2767 259 2822; x_wconf 87' lang='grc'>16]</span> <span class='ocrx_word' id='word_1_256' title='bbox 280 2767 330 2809; x_wconf 84' lang='lat' dir='ltr'>cf.</span> <span class='ocrx_word' id='word_1_257' title='bbox 356 2767 459 2808; x_wconf 79' lang='lat' dir='ltr'>Mal.</span> <span class='ocrx_word' id='word_1_258' title='bbox 484 2768 524 2818; x_wconf 82' lang='lat'>4,</span> <span class='ocrx_word' id='word_1_259' title='bbox 551 2767 596 2816; x_wconf 79' lang='lat'>5;</span> <span class='ocrx_word' id='word_1_260' title='bbox 623 2766 675 2808; x_wconf 82' lang='lat' dir='ltr'>cf.</span> <span class='ocrx_word' id='word_1_261' title='bbox 701 2767 835 2821; x_wconf 80' lang='lat' dir='ltr'>Apoc.</span> <span class='ocrx_word' id='word_1_262' title='bbox 865 2767 929 2817; x_wconf 85' lang='grc'>12,</span> <span class='ocrx_word' id='word_1_263' title='bbox 957 2768 995 2809; x_wconf 86' lang='grc'>6.</span> <span class='ocrx_word' id='word_1_264' title='bbox 1081 2767 1151 2821; x_wconf 83' lang='grc'>17]</span> <span class='ocrx_word' id='word_1_265' title='bbox 1174 2765 1226 2808; x_wconf 88' lang='lat' dir='ltr'>cf.</span> <span class='ocrx_word' id='word_1_266' title='bbox 1246 2768 1379 2821; x_wconf 82' lang='lat' dir='ltr'>Apoc.</span> <span class='ocrx_word' id='word_1_267' title='bbox 1403 2767 1467 2816; x_wconf 76' lang='lat'>18,</span> <span class='ocrx_word' id='word_1_268' title='bbox 1489 2768 1526 2808; x_wconf 84' lang='lat'>9.</span> <span class='ocrx_word' id='word_1_269' title='bbox 1612 2767 1684 2820; x_wconf 92' lang='grc'>20]</span> <span class='ocrx_word' id='word_1_270' title='bbox 1714 2766 1764 2808; x_wconf 72' lang='lat' dir='ltr'>cf.</span> <span class='ocrx_word' id='word_1_271' title='bbox 1791 2765 1904 2820; x_wconf 83' lang='lat' dir='ltr'>Eph.</span> <span class='ocrx_word' id='word_1_272' title='bbox 1931 2767 1969 2820; x_wconf 88' lang='lat'>6,</span> <span class='ocrx_word' id='word_1_273' title='bbox 1992 2766 2057 2807; x_wconf 86' lang='grc'>12.</span> 
     </span>
     <span class='ocr_line' id='line_1_31' title="bbox 189 2838 2055 2895; baseline 0 -13"><span class='ocrx_word' id='word_1_274' title='bbox 189 2840 682 2895; x_wconf 59' lang='grc' dir='ltr'>21]01·.11[ε11111.22,21,</span> <span class='ocrx_word' id='word_1_275' title='bbox 745 2841 820 2894; x_wconf 78' lang='lat'>23]</span> <span class='ocrx_word' id='word_1_276' title='bbox 847 2839 899 2882; x_wconf 85' lang='lat' dir='ltr'>cf.</span> <span class='ocrx_word' id='word_1_277' title='bbox 928 2840 1018 2882; x_wconf 87' lang='lat' dir='ltr'>Col.</span> <span class='ocrx_word' id='word_1_278' title='bbox 1040 2841 1076 2889; x_wconf 85' lang='lat'>1,</span> <span class='ocrx_word' id='word_1_279' title='bbox 1101 2840 1170 2882; x_wconf 88' lang='grc'>21.</span> <span class='ocrx_word' id='word_1_280' title='bbox 1234 2840 1306 2894; x_wconf 86' lang='grc'>24]</span> <span class='ocrx_word' id='word_1_281' title='bbox 1328 2839 1380 2883; x_wconf 87' lang='lat' dir='ltr'>cf.</span> <span class='ocrx_word' id='word_1_282' title='bbox 1404 2838 1495 2883; x_wconf 85' lang='lat' dir='ltr'>Col.</span> <span class='ocrx_word' id='word_1_283' title='bbox 1515 2841 1554 2889; x_wconf 88' lang='grc'>2,</span> <span class='ocrx_word' id='word_1_284' title='bbox 1577 2841 1642 2887; x_wconf 89' lang='grc'>12.</span> <span class='ocrx_word' id='word_1_285' title='bbox 1705 2841 1778 2894; x_wconf 83' lang='grc'>26]</span> <span class='ocrx_word' id='word_1_286' title='bbox 1808 2839 1898 2882; x_wconf 89' lang='lat' dir='ltr'>Col.</span> <span class='ocrx_word' id='word_1_287' title='bbox 1923 2840 1962 2891; x_wconf 83' lang='lat'>2,</span> <span class='ocrx_word' id='word_1_288' title='bbox 1991 2839 2055 2882; x_wconf 88' lang='lat'>13.</span> 
     </span>
    </p>
   </div>
   <div class='ocr_carea' id='block_1_4' title="bbox 191 2926 2064 3417">
    <p class='ocr_par' dir='ltr' id='par_1_5' title="bbox 191 2926 2064 3417">
     <span class='ocr_line' id='line_1_32' title="bbox 249 2926 2058 2983; baseline -0.001 -13"><span class='ocrx_word' id='word_1_289' title='bbox 249 2930 273 2971; x_wconf 86' lang='lat'><strong>3</strong></span> <span class='ocrx_word' id='word_1_290' title='bbox 292 2930 334 2970; x_wconf 89' lang='lat' dir='ltr'>in</span> <span class='ocrx_word' id='word_1_291' title='bbox 352 2932 549 2983; x_wconf 88' lang='lat' dir='ltr'>tempore</span> <span class='ocrx_word' id='word_1_292' title='bbox 566 2928 1101 2983; x_wconf 73' lang='lat' dir='ltr'>MF,temp0rePuul90</span> <span class='ocrx_word' id='word_1_293' title='bbox 1208 2929 1689 2983; x_wconf 82' lang='lat' dir='ltr'>tempore‚&lt;0rantes,&gt;</span> <span class='ocrx_word' id='word_1_294' title='bbox 1704 2930 1754 2970; x_wconf 91' lang='lat' dir='ltr'>ut</span> <span class='ocrx_word' id='word_1_295' title='bbox 1773 2929 1889 2982; x_wconf 73' lang='lat' dir='ltr'>fort.</span> <span class='ocrx_word' id='word_1_296' title='bbox 1994 2926 2058 2980; x_wconf 76' lang='grc'>(11-</span> 
     </span>
     <span class='ocr_line' id='line_1_33' title="bbox 191 3001 2058 3056; baseline -0.001 -13"><span class='ocrx_word' id='word_1_297' title='bbox 191 3002 384 3056; x_wconf 79' lang='lat' dir='ltr'>gnemini</span> <span class='ocrx_word' id='word_1_298' title='bbox 411 3002 492 3044; x_wconf 71' lang='lat' dir='ltr'>Gal</span> <span class='ocrx_word' id='word_1_299' title='bbox 583 3003 607 3043; x_wconf 86' lang='grc'>6</span> <span class='ocrx_word' id='word_1_300' title='bbox 640 3001 820 3043; x_wconf 88' lang='lat' dir='ltr'>fruticat</span> <span class='ocrx_word' id='word_1_301' title='bbox 851 3001 929 3043; x_wconf 86' lang='lat' dir='ltr'>sed</span> <span class='ocrx_word' id='word_1_302' title='bbox 954 3001 1092 3043; x_wconf 81' lang='lat' dir='ltr'>Pam:</span> <span class='ocrx_word' id='word_1_303' title='bbox 1123 3001 1434 3043; x_wconf 83' lang='lat' dir='ltr'>fructificasset</span> <span class='ocrx_word' id='word_1_304' title='bbox 1457 3001 1605 3043; x_wconf 85' lang='lat' dir='ltr'>PMF</span> <span class='ocrx_word' id='word_1_305' title='bbox 1692 3003 1715 3043; x_wconf 79' lang='lat'><strong>7</strong></span> <span class='ocrx_word' id='word_1_306' title='bbox 1748 3001 2058 3055; x_wconf 85' lang='lat' dir='ltr'>intempestiue</span> 
     </span>
     <span class='ocr_line' id='line_1_34' title="bbox 191 3071 2064 3130; baseline -0.001 -14"><span class='ocrx_word' id='word_1_307' title='bbox 191 3075 292 3118; x_wconf 81' lang='lat' dir='ltr'>FR.</span> <span class='ocrx_word' id='word_1_308' title='bbox 340 3075 703 3130; x_wconf 83' lang='lat' dir='ltr'>intempestatiue</span> <span class='ocrx_word' id='word_1_309' title='bbox 750 3074 847 3115; x_wconf 82' lang='lat' dir='ltr'>PM</span> <span class='ocrx_word' id='word_1_310' title='bbox 952 3075 977 3116; x_wconf 78' lang='lat'>8</span> <span class='ocrx_word' id='word_1_311' title='bbox 1027 3088 1051 3115; x_wconf 87' lang='lat' dir='ltr'>a</span> <span class='ocrx_word' id='word_1_312' title='bbox 1098 3073 1273 3116; x_wconf 84' lang='lat' dir='ltr'>dextera</span> <span class='ocrx_word' id='word_1_313' title='bbox 1321 3074 1503 3128; x_wconf 67' lang='lat' dir='ltr'>scripsi:</span> <span class='ocrx_word' id='word_1_314' title='bbox 1549 3073 1603 3115; x_wconf 80' lang='lat' dir='ltr'>ad</span> <span class='ocrx_word' id='word_1_315' title='bbox 1652 3073 1872 3116; x_wconf 80' lang='lat' dir='ltr'>dexteram</span> <span class='ocrx_word' id='word_1_316' title='bbox 1919 3071 2064 3115; x_wconf 79' lang='lat' dir='ltr'>PMF</span> 
     </span>
     <span class='ocr_line' id='line_1_35' title="bbox 194 3139 2060 3203; baseline -0.001 -14"><span class='ocrx_word' id='word_1_317' title='bbox 194 3148 242 3189; x_wconf 92' lang='grc'>11</span> <span class='ocrx_word' id='word_1_318' title='bbox 279 3148 497 3190; x_wconf 85' lang='lat' dir='ltr'>clamante</span> <span class='ocrx_word' id='word_1_319' title='bbox 534 3147 615 3190; x_wconf 79' lang='lat' dir='ltr'>Gez</span> <span class='ocrx_word' id='word_1_320' title='bbox 707 3150 757 3191; x_wconf 82' lang='lat'>15</span> <span class='ocrx_word' id='word_1_321' title='bbox 791 3150 1083 3203; x_wconf 87' lang='lat' dir='ltr'>pupugerunt.</span> <span class='ocrx_word' id='word_1_322' title='bbox 1115 3161 1241 3190; x_wconf 90' lang='lat' dir='ltr'>nemo</span> <span class='ocrx_word' id='word_1_323' title='bbox 1266 3147 1401 3201; x_wconf 61' lang='lat' dir='ltr'>uulgo</span> <span class='ocrx_word' id='word_1_324' title='bbox 1495 3147 1544 3188; x_wconf 85' lang='lat'>17</span> <span class='ocrx_word' id='word_1_325' title='bbox 1581 3149 1648 3189; x_wconf 90' lang='lat' dir='ltr'>est</span> <span class='ocrx_word' id='word_1_326' title='bbox 1670 3139 1823 3201; x_wconf 80' lang='lat' dir='ltr'>PMF,</span> <span class='ocrx_word' id='word_1_327' title='bbox 1853 3147 1963 3201; x_wconf 82' lang='lat' dir='ltr'>&lt;et&gt;</span> <span class='ocrx_word' id='word_1_328' title='bbox 1993 3147 2060 3188; x_wconf 87' lang='lat' dir='ltr'>est</span> 
     </span>
     <span class='ocr_line' id='line_1_36' title="bbox 197 3219 2057 3275; baseline -0.001 -12"><span class='ocrx_word' id='word_1_329' title='bbox 197 3220 278 3263; x_wconf 64' lang='lat' dir='ltr'>Get</span> <span class='ocrx_word' id='word_1_330' title='bbox 399 3219 514 3275; x_wconf 79' lang='lat' dir='ltr'>quod</span> <span class='ocrx_word' id='word_1_331' title='bbox 547 3220 708 3262; x_wconf 65' lang='lat' dir='ltr'>addidi</span> <span class='ocrx_word' id='word_1_332' title='bbox 797 3220 852 3262; x_wconf 88' lang='grc'>20</span> <span class='ocrx_word' id='word_1_333' title='bbox 884 3220 1154 3275; x_wconf 84' lang='lat' dir='ltr'>potentibus.</span> <span class='ocrx_word' id='word_1_334' title='bbox 1188 3223 1232 3261; x_wconf 87' lang='lat' dir='ltr'>et</span> <span class='ocrx_word' id='word_1_335' title='bbox 1262 3220 1395 3274; x_wconf 58' lang='lat' dir='ltr'>uulgo</span> <span class='ocrx_word' id='word_1_336' title='bbox 1487 3221 1537 3262; x_wconf 90' lang='grc'>21</span> <span class='ocrx_word' id='word_1_337' title='bbox 1576 3219 1739 3262; x_wconf 87' lang='lat' dir='ltr'>debent</span> <span class='ocrx_word' id='word_1_338' title='bbox 1760 3220 1803 3261; x_wconf 88' lang='lat' dir='ltr'><strong><em>P</em></strong></span> <span class='ocrx_word' id='word_1_339' title='bbox 1832 3222 1960 3273; x_wconf 72' lang='lat' dir='ltr'>(corr.</span> <span class='ocrx_word' id='word_1_340' title='bbox 1985 3219 2057 3272; x_wconf 83' lang='lat' dir='ltr'>R),</span> 
     </span>
     <span class='ocr_line' id='line_1_37' title="bbox 194 3292 2058 3347; baseline -0.001 -12"><span class='ocrx_word' id='word_1_341' title='bbox 194 3294 357 3336; x_wconf 84' lang='lat' dir='ltr'>debens</span> <span class='ocrx_word' id='word_1_342' title='bbox 397 3294 454 3335; x_wconf 90' lang='lat' dir='ltr'><em>M</em></span> <span class='ocrx_word' id='word_1_343' title='bbox 493 3297 529 3346; x_wconf 87' lang='lat' dir='ltr'>(s</span> <span class='ocrx_word' id='word_1_344' title='bbox 569 3295 619 3335; x_wconf 73' lang='lat' dir='ltr'>in</span> <span class='ocrx_word' id='word_1_345' title='bbox 659 3297 765 3346; x_wconf 74' lang='lat' dir='ltr'>ras.)</span> <span class='ocrx_word' id='word_1_346' title='bbox 866 3294 920 3334; x_wconf 90' lang='grc'>22</span> <span class='ocrx_word' id='word_1_347' title='bbox 963 3293 1257 3335; x_wconf 89' lang='lat' dir='ltr'>colosensibus</span> <span class='ocrx_word' id='word_1_348' title='bbox 1290 3293 1445 3346; x_wconf 82' lang='lat' dir='ltr'>PMF,</span> <span class='ocrx_word' id='word_1_349' title='bbox 1487 3292 1818 3335; x_wconf 87' lang='lat' dir='ltr'>Colossensibus</span> <span class='ocrx_word' id='word_1_350' title='bbox 1850 3292 1894 3335; x_wconf 82' lang='lat' dir='ltr'><em>R</em></span> <span class='ocrx_word' id='word_1_351' title='bbox 1925 3293 2058 3347; x_wconf 71' lang='lat' dir='ltr'>uulyo</span> 
     </span>
     <span class='ocr_line' id='line_1_38' title="bbox 192 3366 1035 3417; baseline 0 -9"><span class='ocrx_word' id='word_1_352' title='bbox 192 3367 246 3408; x_wconf 84' lang='grc'>26</span> <span class='ocrx_word' id='word_1_353' title='bbox 280 3367 504 3409; x_wconf 84' lang='lat' dir='ltr'>suscitarit</span> <span class='ocrx_word' id='word_1_354' title='bbox 533 3367 589 3417; x_wconf 84' lang='lat' dir='ltr'>R,</span> <span class='ocrx_word' id='word_1_355' title='bbox 623 3368 859 3409; x_wconf 85' lang='lat' dir='ltr'>suscitaret</span> <span class='ocrx_word' id='word_1_356' title='bbox 889 3366 1035 3408; x_wconf 84' lang='lat' dir='ltr'>PMF</span> 
     </span>
    </p>
   </div>
  </div>
 </body>
</html>
