2248 3646
132 768 150 798 5

109 1193 147 1225 10

104 1617 141 1648 15

100 2045 142 2075 20

98 2469 137 2500 25

589 254 646 295 ΙΙ.
676 254 748 295 De
779 253 907 296 Carn
945 267 964 295 s
991 251 1400 293 Resurrectione
1431 252 1583 293 9—11.
1926 254 1991 304 39

186 410 301 460 stilo
339 409 488 470 noris,
529 424 624 472 quo
665 423 860 457 carnem
899 409 1194 473 plerumque
1229 407 1537 472 compungit.
1573 422 1686 456 nam
1718 406 1814 456 etsi
1845 410 1996 471 negat

182 495 403 545 habitare
447 494 563 544 boni
612 493 878 557 quicquam
921 492 971 541 in
1020 507 1162 541 carne
1202 507 1308 551 sua,
1357 492 1452 541 etsi
1492 491 1721 541 adfirmat
1759 507 1859 551 eos,
1908 492 1994 556 qui

181 581 231 629 in
271 594 412 630 carne
453 579 566 638 sint,
607 578 696 627 deo
734 578 929 642 placere
967 593 1062 627 non
1101 593 1266 641 posse,
1308 577 1424 640 quia
1462 577 1786 641 concupiscat
1823 577 1994 627 aduer-

183 681 268 715 sus
315 664 564 729 spiritum,
612 666 662 714 et
706 664 749 713 si
794 678 890 727 qua
937 663 1033 712 alia
1077 662 1149 712 ita
1200 662 1356 725 ponit,
1418 663 1477 711 ut
1536 661 1693 711 carnis
1747 678 1841 711 non
1890 665 1989 712 tam

180 753 338 810 actuS,
378 749 465 799 sed
504 748 786 799 substantia
823 748 1161 806 inhonoretur,
1202 747 1427 796 dicemus
1470 746 1671 811 quidem
1712 746 1829 795 alibi
1867 747 1993 796 nihil

177 835 371 899 proprie
402 835 536 884 carni
567 833 847 897 exprobrari
879 836 1104 896 oportere
1135 831 1231 881 nisi
1261 832 1311 881 in
1342 832 1533 881 animae
1566 831 1990 896 suggillationem,

178 935 302 983 quae
357 934 551 969 carnem
605 917 881 968 ministerio
936 916 1034 967 sibi
1086 916 1292 981 subigit,
1346 932 1524 966 uerum
1581 916 1781 966 interim
1843 920 1892 967 et
1941 918 1991 966 in

176 1004 277 1053 illis
315 1003 497 1053 litteris
536 1003 725 1052 Paulus
765 1004 857 1063 est,
899 1016 1012 1051 cum
1059 1001 1298 1067 stigmata
1337 1001 1525 1052 Christi
1562 1002 1610 1050 in
1659 1017 1860 1066 corpore
1900 1018 1991 1053 suo

176 1091 355 1154 portat,
413 1103 525 1138 cum
579 1102 758 1153 corpus
818 1089 1043 1137 nostrum
1096 1089 1154 1136 ut
1198 1087 1278 1136 dei
1321 1087 1570 1150 templum
1615 1087 1784 1136 uitiari
1835 1089 1989 1146 uetat,

178 1189 289 1223 cum
329 1189 535 1238 corpora
571 1175 742 1223 nostra
777 1171 1002 1222 membra
1040 1170 1228 1222 Christi
1266 1172 1402 1229 facit,
1448 1187 1565 1221 cum
1610 1175 1780 1221 monet
1816 1172 1991 1222 tollere

176 1262 225 1308 et
261 1259 578 1324 magnificare
626 1257 772 1308 deum
812 1257 862 1306 in
908 1271 1111 1324 corpore
1158 1259 1346 1307 nostro.
1391 1257 1561 1320 itaque
1601 1258 1643 1306 si
1686 1256 1991 1322 ignominiae

177 1343 333 1393 carnis
363 1342 778 1393 resurrectionem
817 1341 923 1391 eius
957 1341 1226 1405 expellunt,
1267 1356 1354 1390 cur
1382 1357 1479 1391 non
1518 1341 1789 1405 dignitates
1819 1343 1990 1407 potius

174 1428 441 1478 inducent?
490 1428 723 1492 quoniam
770 1426 860 1476 deo
907 1427 1067 1492 magis
1116 1426 1347 1491 congruit
1397 1426 1447 1475 in
1496 1428 1713 1477 salutem
1764 1428 1989 1494 redigere

175 1514 308 1578 quod
344 1513 621 1578 reprobarit
663 1512 932 1572 interdum,
973 1527 1122 1575 quam
1167 1511 1217 1561 in
1261 1511 1593 1575 perditionem
1634 1513 1811 1563 dedere
1858 1514 1991 1578 quod

174 1599 324 1649 etiam
362 1599 597 1664 probarit.

245 1684 325 1733 11.
377 1683 656 1747 Hucusque
710 1682 768 1732 de
827 1681 1091 1746 praeconio
1146 1681 1306 1731 carnis
1359 1682 1604 1732 aduersus
1655 1683 1887 1733 inimicos
1942 1686 1991 1733 et

172 1768 499 1818 nihilominus
532 1768 869 1818 amicissimos
903 1768 1026 1816 eius,
1065 1782 1208 1816 nemo
1250 1767 1380 1816 enim
1419 1770 1522 1816 tam
1563 1768 1824 1818 carnaliter
1859 1769 1992 1818 uiuit

173 1869 319 1917 quam
367 1854 452 1917 qui
497 1856 680 1918 negant
726 1854 885 1906 carnis
930 1853 1362 1904 resurrectionem.
1409 1855 1649 1919 negantes
1698 1854 1827 1903 enim
1873 1869 1989 1918 poe-

170 1954 283 1988 nam
324 1937 608 2003 despiciunt
646 1941 695 1988 et
733 1939 1065 2002 disciplinam.
1115 1939 1173 1987 de
1221 1938 1403 2002 quibus
1449 1939 1704 1988 luculente
1754 1942 1805 1988 et
1848 1955 1986 2003 para-

172 2025 331 2075 cletus
370 2041 457 2089 per
493 2025 839 2090 prophetidem
880 2025 1127 2074 Priscam:
1170 2040 1393 2074 carnes
1436 2028 1597 2085 sunt,
1639 2027 1699 2074 et
1739 2039 1983 2075 carnem

171 2110 459 2160 oderunt.
516 2125 666 2174 quam
720 2110 762 2160 si
814 2113 952 2160 tanta
1006 2110 1277 2160 auctoritas
1331 2110 1511 2168 munit,
1568 2113 1751 2174 quanta
1796 2110 1873 2159 illi
1925 2111 1985 2160 ad

168 2196 405 2245 meritum
445 2195 626 2245 salutis
664 2195 965 2259 patrocinari
1003 2195 1181 2258 possit,
1222 2195 1465 2259 numquid
1513 2195 1661 2244 etiam
1709 2195 1787 2245 dei
1824 2196 1984 2260 ipsius

167 2281 440 2343 potentiam
488 2283 537 2330 et
580 2283 883 2345 potestatem
932 2282 980 2329 et
1018 2280 1274 2329 licentiam
1320 2295 1578 2330 recensere
1625 2280 1879 2343 debemus,
1926 2297 1984 2331 an

165 2368 334 2415 tantus
368 2366 448 2426 sit,
484 2366 567 2430 qui
598 2366 765 2416 ualeat
803 2366 1051 2429 dilapsum
1086 2368 1136 2415 et
1167 2365 1463 2415 deuoratum
1502 2370 1551 2415 et
1582 2366 1984 2430 quibuscumque

167 2451 330 2501 modis
384 2455 609 2516 ereptum
655 2452 1035 2501 tabernaculum
1083 2451 1241 2500 carnis
1288 2450 1602 2501 reaedificare
1648 2453 1796 2515 atque
1841 2453 1984 2502 resti-

166 2540 338 2586 tuere?
379 2553 439 2586 an
477 2539 528 2586 et
566 2537 735 2601 aliqua
771 2537 915 2586 nobis
956 2537 1181 2600 exempla
1224 2536 1375 2586 huius
1416 2536 1494 2586 sui
1539 2537 1662 2586 iuris
1700 2537 1750 2586 in
1782 2537 1982 2602 publico

165 2625 369 2672 naturae
406 2622 769 2687 promulgarit?
809 2637 869 2671 ne
909 2622 994 2686 qui
1031 2622 1160 2671 forte
1206 2622 1367 2672 adhuc
1415 2622 1577 2672 sciant
1622 2622 1769 2673 deum
1815 2637 1981 2684 nosse,

309 2777 349 2830 1]
384 2775 435 2816 cf.
467 2775 586 2816 Rom.
620 2777 658 2828 7,
694 2777 756 2817 18.
839 2775 881 2829 2]
916 2775 966 2817 cf.
1000 2776 1119 2817 Rom.
1154 2776 1191 2824 8,
1225 2776 1263 2817 8.
1345 2776 1389 2829 3]
1425 2775 1476 2816 cf.
1509 2775 1601 2818 Gal.
1637 2775 1675 2824 ὃ,
1704 2776 1768 2816 17.
1857 2776 1899 2830 8]
1929 2775 1979 2817 cf.

167 2846 260 2889 Gal.
291 2849 330 2896 6,
366 2848 430 2888 17.
539 2847 580 2901 9]
615 2847 665 2888 cf.
698 2846 717 2887 I
749 2846 841 2890 Cor.
875 2848 913 2900 3,
948 2847 1125 2889 16—17.
1240 2847 1307 2900 10]
1344 2846 1394 2888 cf.
1427 2847 1447 2888 I
1479 2846 1572 2889 Cor.
1613 2848 1650 2897 6,
1694 2848 1757 2888 15.
1870 2847 1921 2889 cf.
1960 2847 1981 2888 Ι

168 2917 260 2961 Cor.
294 2920 332 2968 6,
366 2918 432 2960 20.

221 3017 248 3057 4
285 3020 372 3058 tarn
408 3017 587 3070 scripsi:
624 3020 768 3058 tamen
806 3017 950 3058 PMF
1035 3019 1057 3058 5
1100 3021 1233 3065 actus,
1274 3017 1347 3058 sed
1386 3016 1631 3058 substantia
1666 3017 1841 3069 scripsi:
1879 3017 1979 3061 sub—

165 3088 326 3129 stantia
356 3088 430 3129 sed
460 3093 581 3129 actus
610 3088 754 3129 PMF
836 3089 857 3128 7
893 3091 936 3129 et
966 3101 1043 3130 om.
1069 3087 1132 3130 13³
1222 3088 1269 3129 11
1305 3088 1340 3128 si
1372 3100 1451 3129 om.
1476 3087 1523 3128 F
1609 3089 1659 3128 15
1686 3083 1978 3141 <aliquando>

165 3158 365 3212 probauit
401 3159 515 3199 Pam
553 3161 621 3212 (ex
670 3158 882 3200 Vaticano
918 3159 1061 3201 ‘nescio
1100 3159 1200 3213 quo)
1323 3159 1516 3212 probarit
1559 3159 1736 3211 scripsi:
1779 3159 1980 3212 probauit

163 3229 307 3270 PMF
391 3229 441 3270 19
478 3230 695 3271 luculente
735 3230 843 3283 PM,
882 3230 1121 3271 luculenter
1157 3230 1243 3272 FR
1334 3232 1386 3272 25
1427 3234 1623 3284 exeptum
1662 3229 1710 3271 F
1791 3230 1843 3270 27
1885 3243 1977 3283 pro-

164 3300 370 3354 mulgarit
390 3299 465 3353 12³,
496 3301 788 3354 promulgaret
807 3301 959 3345 PMF.
991 3301 1284 3355 promulgauit
1316 3301 1398 3343 Urs
1514 3303 1557 3342 et
1589 3301 1661 3355 qui
1684 3301 1732 3343 F
1842 3302 1979 3342 sciant

169 3370 284 3424 GR³‚
316 3371 470 3413 siciant
499 3370 716 3425 PMFR1,
746 3373 941 3413 nesciant
978 3371 1060 3414 Urs
