2248 3646
67 1273 103 1301 10

65 1700 100 1727 15

532 333 587 373 H.
619 333 691 372 De
726 332 911 374 Carnis
944 333 1355 375 Resurrectione
1386 334 1568 375 37—39.
1898 338 1959 386 81

143 489 256 537 bere
304 488 407 536 31110
456 503 614 537 carne.
663 490 714 536 at
760 503 850 552 ego
900 488 1045 537 deum
1094 488 1226 537 malo
1276 488 1502 551 decipere
1549 506 1643 540 non
1690 506 1856 553 posse,
1905 492 1963 541 de

139 570 339 621 fallacia
370 571 688 621 solummodo
722 572 991 633 infirmum,
1035 589 1092 621 ne
1134 573 1278 622 aliter
1310 574 1610 624 documenta
1641 577 1962 639 praemisisse

140 672 288 720 quam
328 672 429 705 rem
471 657 783 720 disposuisse
818 658 1064 717 uideatur,
1104 658 1258 707 immo
1299 674 1373 717 ne,
1417 659 1457 708 si
1491 662 1770 722 exemplum
1804 677 1962 710 resur-

138 744 374 793 rectionis
416 743 520 793 sine
554 757 696 791 carne
729 758 823 793 non
857 744 1022 803 ualuit
1058 743 1308 804 inducere,
1349 746 1509 793 multo
1549 746 1710 811 magis
1749 747 1963 809 plenitu-

140 829 303 877 dinem
360 828 573 894 exempli
634 825 699 896 [in
763 829 935 878 eadem
991 826 1292 895 substantia]
1357 830 1586 878 exhibere
1639 846 1734 880 non
1788 833 1963 894 possit.

136 914 331 963 nullum
379 929 495 963 uero
544 915 825 977 exemplum
871 914 1034 963 maius
1083 920 1160 962 est
1207 929 1279 964 ee.
1336 915 1478 963 cuius
1535 917 1814 979 exemplum
1870 922 1960 966 est.

136 999 299 1048 maius
356 1001 433 1048 est
484 1001 668 1057 autem,
718 999 760 1048 si
800 999 991 1048 animae
1040 1015 1150 1048 cum
1199 1014 1403 1062 corpore
1442 1001 1877 1050 resuscitabuntur
1912 1003 1961 1052 iu

138 1085 496 1133 documentum
538 1084 643 1133 sine
691 1100 894 1149 corpore
941 1084 1253 1149 resurgendi,
1303 1088 1359 1134 ut
1405 1087 1513 1134 tota
1558 1086 1777 1135 hominis
1826 1088 1962 1137 salus

137 1169 370 1218 dimidiae
431 1170 842 1233 patrocinaretur,
907 1170 1103 1233 quando
1161 1171 1499 1232 exemplorum
1557 1171 1783 1220 condicio
1836 1173 1961 1221 illud

134 1256 303 1319 potius
351 1259 618 1319 expeteret.
661 1255 794 1319 quod
841 1255 1005 1305 minus
1053 1256 1335 1315 haberetur,
1392 1257 1584 1305 animae
1638 1256 1749 1306 dico
1805 1257 1960 1307 solius

134 1342 568 1400 resurrectionem,
616 1341 759 1390 uelut
805 1345 1013 1406 gustum
1064 1341 1221 1390 carnis
1264 1342 1414 1390 etiam
1458 1345 1829 1391 resurrecturae
1870 1359 1960 1392 suo

132 1425 182 1475 in
235 1427 474 1490 tempore.
540 1430 689 1489 atque
751 1427 889 1476 aden.
947 1427 1221 1476 secundum
1270 1430 1496 1476 nostram
1548 1443 1666 1476 uero
1730 1428 1960 1476 aestima—

132 1511 335 1572 tionem,
378 1512 602 1575 exempla
639 1513 727 1561 illa
765 1515 1077 1561 mortuorum
1118 1528 1145 1560 a
1184 1512 1383 1561 domino
1426 1512 1784 1561 suscitatorum
1830 1528 1960 1561 corn-

134 1597 436 1646 mendabant
490 1597 691 1660 quidem
747 1601 795 1646 et
849 1599 1010 1646 carnis
1067 1602 1117 1646 et
1170 1597 1361 1645 animae
1414 1599 1847 1656 resurrectionem,
1903 1614 1960 1646 ne

135 1684 214 1730 cui
256 1683 567 1732 substantiae
607 1685 876 1747 negaretur
906 1684 1000 1731 'hoc
1041 1683 1242 1742 donum,
1288 1698 1381 1745 qua
1420 1685 1585 1731 tamen
1628 1684 1867 1746 exempla,
1902 1698 1957 1732 eo

133 1767 299 1816 minus
335 1768 522 1831 aliquid
557 1769 779 1817 edebant.
814 1784 908 1817 11011
943 1769 1072 1836 enim
1113 1768 1160 1816 in
1202 1768 1412 1831 gloriam
1451 1784 1540 1816 nec
1579 1769 1627 1816 in
1667 1769 1958 1831 incorrupti-

136 1853 385 1901 bilitatem
429 1853 516 1902 sed
554 1853 602 1901 in
643 1856 857 1906 mortem
898 1854 1044 1903 aliam
1085 1854 1476 1903 suscitabantur.

208 1938 289 1986 39.
319 1936 479 1998 Quam
507 1937 737 1988 Christus
765 1938 977 1988 ediderit
998 1938 1429 1997 resurrectionem,
1457 1938 1734 2001 apostolica
1761 1953 1956 2001 quoque

135 2023 468 2072 instrumenta
499 2026 762 2073 testantur.
797 2040 909 2073 nam
944 2027 993 2073 et
1026 2024 1268 2086 apostolis
1303 2023 1499 2072 nullum
1534 2023 1669 2072 aliud
1700 2024 1957 2088 negotium

67 2135 81 2153 ·)
135 2109 244 2170 fuit,
263 2110 520 2158 dumtaxat
536 2110 667 2174 apud
684 2111 974 2159 israhelem.
995 2126 1142 2173 quam
1162 2110 1348 2160 ueteris
1367 2109 1658 2158 testamenti
1675 2109 1959 2173 resignandi

137 2196 186 2242 et
205 2194 321 2243 110111
348 2195 674 2258 consignandi
694 2198 744 2244 et
767 2196 935 2258 potius
953 2196 1048 2244 iam
1071 2195 1149 2243 dei
1167 2196 1212 2243 in
1242 2194 1439 2244 Christo
1461 2194 1790 2244 contionandi.
1815 2195 1886 2242 ita
1912 2197 1960 2243 et

138 2279 195 2328 de
234 2280 597 2329 resurrectione
644 2280 767 2328 nihil
814 2280 931 2329 noui
977 2281 1270 2339 intulerunt,
1313 2280 1410 2329 nisi
1450 2279 1582 2342 quod
1623 2282 1671 2328 et
1708 2279 1867 2342 ipsam
1909 2280 1957 2326 in

137 2366 345 2429 gloriam
395 2365 580 2416 Christi
627 2366 1002 2426 adnuntiabant,
1044 2366 1102 2414 de
1150 2367 1313 2414 cetero
1357 2364 1574 2428 simplici
1616 2366 1666 2412 et
1705 2367 1821 2413 nota
1860 2365 1957 2412 iam

136 2450 231 2499 fide
278 2454 529 2515 receptam
577 2452 682 2500 sine
729 2452 833 2501 ulla
880 2452 1138 2515 qualitatis
1188 2451 1499 2515 quaestione,
1549 2450 1669 2499 solis
1710 2451 1958 2513 refragan-

86 2563 98 2569 -
137 2537 272 2586 tibus
308 2537 592 2587 Saducaeis.
636 2538 756 2587 adeo
789 2538 988 2587 facilius
1028 2537 1125 2586 fuit
1163 2537 1334 2601 negari
1366 2536 1414 2584 in
1447 2538 1612 2585 totum
1646 2538 1957 2583 mortuorum

137 2623 549 2671 resurrectionem
584 2638 734 2685 quam
766 2622 911 2671 aliter
940 2622 1183 2687 intellegi.
1224 2621 1379 2670 habes
1411 2621 1627 2669 Paulum
1662 2619 1794 2682 apud
1826 2634 1959 2668 sum-

136 2723 244 2757 mos
300 2708 583 2758 sacerdotes
639 2709 731 2758 sub
786 2709 987 2758 tribuno
1041 2709 1172 2757 inter
1218 2707 1503 2757 Saducaeos
1559 2710 1608 2754 et
1659 2705 1956 2754 Pharisaeos

278 2861 349 2913 23]
382 2860 434 2902 cf.
467 2861 568 2902 Luc.
602 2862 669 2906 24.
701 2862 767 2902 26.
860 2862 931 2914 261
969 2864 1020 2901 cf.
1056 2861 1146 2902 Act.
1181 2861 1247 2909 23,
1284 2861 1402 2902 1-9,

193 2961 216 2999 ἴ)
249 2961 292 3000 111
333 2960 480 3001 eadem
520 2961 763 3001 substantia
801 2962 957 3002 seclusi
1044 2962 1067 3002 6
1107 2960 1343 3014 exemplum
1385 2961 1452 3009 est
1490 2954 1569 2999 σπη’.
1602 2958 1644 2998 Ρ
1682 2957 1803 2998 (add.
1836 2957 1877 2998 R
1907 2970 1958 2998 6oe

134 3031 460 3085 Hirsauyiensi)
551 3033 601 3073 12
639 3033 702 3073 sic
739 3032 943 3073 distinxit
972 3031 1072 3085 Eny
1102 3034 1218 3083 (uero
1250 3051 1300 3064 =
1334 3030 1500 3076 saltem,
1538 3033 1588 3069 ut
1623 3028 1837 3078 Μάρων-γ·
1867 3028 1957 3068 ueri

135 3104 478 3145 aestimationem
500 3104 761 3157 Leopoldus,
788 3104 1016 3145 ueritatem
1041 3105 1176 3157 Bmffl
1208 3116 1279 3156 690
1312 3102 1414 3144 olim
1444 3102 1570 3142 uolui
1597 3099 1796 3140 rescribi:
1827 3103 1956 3151 atque

136 3175 241 3216 adeo
272 3175 376 3226 <in>
409 3188 508 3216 uero
555 3175 784 3226 secundum
837 3178 1025 3216 nostram
1074 3175 1418 3215 aestimationem
1509 3173 1558 3212 15
1606 3185 1687 3223 qua
1731 3170 1957 3211 Oehlerus:

135 3259 244 3299 quae
282 3245 426 3286 PMF
512 3246 561 3286 16
600 3247 643 3286 in
684 3246 862 3298 gloriam
901 3246 951 3286 id
987 3250 1047 3286 est
1090 3246 1139 3286 in
1187 3245 1410 3297 anqelz‘cae
1454 3247 1644 3283 naturae
1687 3240 1956 3303 splendorem

137 3317 186 3357 18
213 3317 341 3357 aliter
367 3316 552 3373 distinxi
575 3318 748 3369 capita:
771 3308 1088 3357 suscitabantur
1113 3329 1236 3369 quarn
1264 3314 1448 3355 ediderit
1474 3312 1682 3354 Christus.
1709 3312 1774 3352 39.
1801 3311 1955 3350 Resur-

135 3388 367 3428 rectionem
412 3388 543 3440 uulyo
662 3386 857 3429 Christus
906 3386 1094 3427 ediderit
1138 3385 1248 3437 MF,
1295 3384 1483 3426 ediderit
1529 3381 1723 3424 Christus
1769 3381 1954 3433 Paulyo

135 3458 188 3498 22
220 3459 458 3499 intulerunt
492 3457 537 3506 G,
567 3458 805 3499 intulerant
840 3457 985 3498 PMF
1067 3458 1119 3498 27
1152 3457 1289 3498 tribus
1326 3456 1405 3498 Gel

179 3558 386 3589 xxxxvn.
409 3558 505 3588 reri.
531 3558 597 3588 111.
1874 3537 1898 3577 6
