2248 3646
209 189 314 238 512
585 184 775 236 Quinti
809 182 1039 237 Sept-imi
1071 182 1346 225 Florentis
1378 182 1716 226 Tertulliani

207 346 342 396 enim
375 342 593 396 uenefici
623 342 716 405 illi,
750 341 967 392 adhibiti
1000 341 1246 393 aduersus
1281 342 1511 407 Moysen,
1551 343 1798 394 uirtutem
1832 347 2073 398 creatoris

206 433 428 500 digitum
471 430 551 482 dei
590 430 996 497 appellauerunt,
1032 459 1100 465 --
1135 429 1373 496 digitus
1416 429 1510 481 dei
1550 433 1642 482 est
1681 431 1791 483 1100
1832 462 1900 469 —-
1940 434 2076 498 quod

207 519 521 588 significaret
545 518 700 570 etiam
726 517 988 568 modicum
1012 517 1396 568 ualidissimum
1422 521 1610 568 tamen.
1640 519 1736 569 hoc
1763 521 1814 570 et
1839 519 2074 573 Christus

209 608 500 668 ostendens,
535 608 977 667 commemorator,
1019 622 1118 657 non
1160 605 1459 657 obliterator
1499 608 1838 670 uetustatum,
1877 609 2078 660 scilicet

210 712 437 757 suarum,
491 695 741 746 uirtutem
797 693 878 744 dei
933 694 1155 760 digitum
1203 693 1283 744 dei
1332 692 1471 758 dixit,
1525 709 1623 745 non
1672 695 1880 746 alterius
1928 696 2075 747 intel-
2128 713 2147 744 5

209 784 481 852 legendam
523 798 677 849 quain
718 782 847 843 eius,
893 781 1028 848 apud
1070 796 1222 847 quem
1261 781 1359 832 1100
1399 784 1506 832 erat
1546 783 1817 849 appellata.
1866 799 1985 850 ergo
2027 786 2077 835 et

208 888 424 939 regnum
462 870 629 938 ipsius
672 870 1189 936 adpropinquauerat,
1231 869 1378 920 cuius
1422 872 1472 920 et
1502 869 1667 922 uirtus
1702 871 1895 938 digitus
1928 888 2078 923 uoca-

205 960 377 1010 batur.
527 958 713 1010 Merito
769 958 929 1025 igitur
983 956 1233 1022 adplicuit
1286 956 1348 1007 ad
1400 958 1696 1022 parabolam
1742 959 1888 1010 fortis
1936 960 2076 1010 illius

209 1047 409 1108 armati,
446 1062 596 1112 quem
630 1045 852 1096 ualidior
885 1044 1014 1096 alius
1051 1045 1324 1111 oppressit,
1358 1045 1641 1112 principem
1677 1046 2075 1110 daemoniorum,

210 1150 364 1201 quem
405 1134 740 1185 Belzebulem
781 1135 832 1184 et
871 1134 1081 1184 satanan
1127 1149 1281 1198 supra
1322 1132 1530 1195 dixerat,
1573 1133 1869 1201 significans
1898 1134 2077 1203 ,digito
2110 1152 2151 1182 10

210 1223 293 1274 dei
335 1238 657 1288 oppressum,
698 1237 798 1272 non
839 1223 1116 1272 creatorem
1161 1222 1221 1272 ab
1256 1221 1354 1274 alio
1390 1221 1483 1272 deo
1519 1222 1810 1274 subactum.
1853 1226 2079 1274 ceterum

211 1310 468 1377 quomodo
511 1310 677 1361 adhuc
719 1311 877 1360 staret
910 1325 1123 1376 regnum
1158 1310 1266 1360 eius
1299 1309 1350 1359 in
1385 1309 1493 1360 suis
1526 1310 1759 1362 terminis
1794 1313 1844 1361 et
1873 1310 2077 1378 legibus

212 1403 262 1450 et
302 1398 505 1461 officiis,
542 1414 707 1464 quem,
739 1398 863 1448 licet
902 1398 1101 1465 integro
1142 1398 1353 1460 mundo,
1395 1398 1480 1448 uel
1522 1398 1594 1450 sic
1626 1398 1884 1464 potuisset
1915 1399 2080 1451 uideri.

209 1502 482 1554 superasse
521 1486 743 1538 ualidior
773 1486 861 1537 ille
895 1485 1020 1537 deus
1052 1485 1347 1549 Marcionis,
1391 1486 1433 1537 si
1465 1503 1563 1538 non
1596 1487 1879 1538 secundum
1910 1488 2079 1555 legem

212 1576 321 1627 eius
363 1575 517 1627 etiam
558 1574 891 1627 Marcionitae
931 1576 1251 1625 morerentur
1288 1575 1339 1625 in
1372 1582 1560 1625 terram
1602 1574 1885 1639 defluendo,
1927 1591 2077 1642 saepe
2110 1592 2150 1626 15

210 1667 260 1716 et
300 1680 327 1715 a
367 1663 568 1730 scorpio
609 1662 748 1714 docti
781 1678 878 1713 non
913 1678 1026 1714 esse
1060 1664 1359 1728 superatum
1394 1665 1708 1714 creatorem?
1804 1663 2080 1714 ‘Exclamat

206 1754 396 1805 mulier
429 1751 488 1803 de
520 1751 670 1802 turba
702 1752 911 1802 beatum
944 1753 1166 1812 uterum,
1210 1750 1297 1816 qui
1328 1750 1475 1801 illum
1510 1753 1784 1816 portasset,
1825 1753 1876 1802 et
1905 1751 2076 1812 ubera,

207 1857 338 1908 quae
385 1840 535 1891 illum
588 1839 914 1901 educassent,
965 1841 1015 1890 et
1055 1838 1316 1891 dominus:
1373 1839 1557 1891 immo
1599 1839 1766 1891 beati
1814 1840 1916 1905 qui
1963 1855 2077 1891 ser-

207 1945 440 1983 monem
468 1929 561 1980 dei
588 1928 847 1980 audiunt
874 1935 932 1979 et
957 1926 1228 1981 faciunt'.
1262 1927 1474 1995 quidni?
1503 1930 1553 1979 et
1576 1929 1709 1979 retro
1737 1928 1812 1979 sic
1835 1927 2080 1979 reiecerat

205 2020 439 2081 matrem,
466 2019 526 2068 ut
551 2019 602 2068 et
624 2017 825 2079 fratres,
854 2016 975 2066 dum
1009 2016 1268 2067 auditores
1296 2017 1346 2067 et
1371 2016 1702 2068 obsecutores
1728 2014 1810 2067 dei
1833 2015 2076 2082 praefert3
2107 2034 2149 2064 20

207 2122 325 2158 nam
362 2121 456 2157 nec
495 2105 581 2156 hic
619 2108 783 2156 mater
822 2104 1110 2156 adsistebat
1163 2104 1255 2156 1111,
1308 2104 1433 2155 adeo
1482 2119 1575 2155 nec
1622 2106 1755 2154 retro
1803 2106 2079 2170 negauerat

207 2196 403 2256 natum,
463 2209 596 2255 cum,
663 2192 715 2243 id
785 2208 962 2244 rursus
1026 2191 1318 2253 habituruS,
1380 2191 1591 2257 proinde
1652 2190 1951 2242 felicitatem
2016 2190 2076 2241 ab

205 2285 352 2334 utero
395 2283 445 2333 et
484 2280 728 2332 uberibus
769 2280 947 2331 matris
991 2295 1112 2330 suae
1151 2279 1419 2330 transtulit
1456 2279 1506 2329 in
1555 2278 1857 2345 discipulos,
1905 2295 1933 2330 a
1979 2295 2077 2345 qua

206 2386 304 2422 non
343 2369 713 2430 transtulisset,
755 2369 799 2419 si
841 2384 950 2419 eam
992 2384 1090 2419 non
1130 2367 1357 2419 haberet.

281 2458 366 2509 27.
413 2456 554 2508 Alibi
600 2457 734 2507 malo
782 2471 1000 2523 purgare
1051 2471 1179 2520 quae
1227 2453 1605 2521 reprehendunt
1641 2454 1977 2506 Marcionitae
2024 2455 2075 2506 in
2109 2473 2149 2503 25

351 2586 395 2642 2]
428 2585 562 2630 Exod.
597 2585 636 2636 8,
672 2586 738 2630 19.
860 2585 900 2640 8]
937 2584 989 2628 cf.
1023 2586 1126 2628 Luc.
1165 2586 1230 2638 11,
1264 2585 1450 2627 21-22.
1595 2585 1664 2639 15]
1701 2584 1754 2627 cf.
1790 2582 1896 2627 Gen.
1931 2584 1970 2631 3.
2001 2585 2072 2634 193

206 2662 246 2715 3,
283 2661 350 2705 14.
516 2660 588 2714 16]
622 2658 674 2701 c-f.
707 2659 810 2701 Luc.
848 2660 914 2707 11,
948 2659 1015 2701 27.
1190 2659 1261 2714 18]
1297 2658 1400 2700 Luc.
1438 2659 1505 2711 11,
1538 2659 1605 2701 28.
1781 2658 1847 2713 19]
1884 2658 1936 2700 cf.
1969 2658 2073 2711 Luc.

204 2737 246 2788 8,
280 2734 353 2786 21;
387 2733 548 2775 Matth.
584 2734 650 2783 12,
681 2734 867 2777 48-50,

265 2823 289 2863 2
315 2822 608 2877 parenthesin
638 2821 870 2864 indicaui:
903 2821 1252 2877 appellauerunt.
1289 2819 1456 2875 digitus
1491 2819 1561 2862 dei
1587 2821 1653 2861 est
1676 2820 1773 2870 hoc,
1798 2819 1913 2875 quod
1938 2820 2074 2874 signi-

205 2896 359 2938 ficaret
388 2895 524 2950 unlyo
631 2896 655 2937 5
686 2893 1033 2950 intellegendam
1065 2893 1179 2948 MR,
1212 2892 1561 2948 intellegendum
1599 2892 1682 2936 θεῖ
1710 2892 1872 2947 reliqui
1893 2897 2076 2947 praeter

206 2970 300 3012 Iun
419 2969 444 3011 8
478 2968 693 3025 adplicuit
724 2988 778 3004 =
812 2981 857 3011 er
886 2968 1080 3011 wendete
1108 2967 1203 3011 sich
1233 2981 1315 3012 zu.
1337 3000 1360 3017 .‚
1392 2967 1484 3009 nisi
1521 2966 1733 3009 malueris
1762 2966 1989 3021 supplere.-
2020 2966 2074 3007 ad

209 3042 385 3097 <haec>
412 3041 665 3097 parabolam
788 3042 840 3084 10
869 3041 1142 3084 belzebulem
1173 3040 1284 3094 MF,
1316 3039 1564 3083 Beelzebub
1604 3039 1814 3082 Oehlerus
1931 3038 2072 3094 digito

206 3115 266 3158 M
295 3119 335 3168 (o
369 3128 422 3158 ex
453 3129 481 3157 u
515 3129 543 3157 a
573 3129 626 3157 m.
652 3117 691 3169 1)
776 3115 828 3158 16
863 3115 1134 3158 exclamabat
1156 3114 1247 3169 Riy
1330 3114 1382 3156 19
1418 3112 1602 3169 quidni?
1632 3113 1813 3167 scripsi:
1849 3113 1950 3168 quia
1974 3112 2074 3155 MR

208 3189 262 3231 20
293 3190 344 3231 ut
376 3191 420 3231 et
451 3189 627 3243 scripsi:
663 3191 739 3231 aut
769 3187 870 3232 MR
972 3189 1028 3230 22
1060 3191 1228 3235 natum.
1261 3200 1356 3230 cum
1387 3186 1432 3229 id
1463 3187 1600 3241 uulyo
1718 3189 1870 3227 natum
1902 3206 1956 3221 =
1987 3199 2071 3227 na-

205 3261 421 3305 scentiam
538 3260 770 3303 habiturus
802 3262 912 3315 (scil.
945 3274 1125 3317 negare:
1160 3260 1222 3303 da
1254 3274 1312 3315 er,
1343 3273 1410 3302 wo
1442 3273 1487 3302 er
1518 3259 1601 3302 das
1621 3273 1721 3301 zum
1742 3259 1923 3301 zwez'cen
1945 3258 2075 3300 Ma'le

205 3336 330 3377 hatte
360 3340 442 3377 tun
473 3339 659 3388 meissen,
678 3369 684 3377 .
706 3368 715 3377 .
738 3338 763 3388 .)
796 3333 927 3389 MR1,
963 3333 1103 3376 audiit
1134 3347 1281 3376 rursus
1313 3332 1528 3388 Rssuuzqo
1648 3331 1704 3374 23
1734 3331 1966 3374 transtulit
1994 3331 2072 3386 Rss,

208 3410 253 3449 et
283 3407 514 3449 transtulit
543 3405 664 3450 MR1
