2248 3646
231 234 402 288 XVIII
984 223 1342 268 Praefatio.

231 410 330 445 non
369 387 708 452 exstabant,²)
747 384 939 436 rectius
980 397 1114 433 nunc
1156 396 1310 445 quam
1352 380 1498 429 antea
1537 375 1764 427 iudicare
1802 374 1943 437 licet,
1984 374 2102 440 quia

230 478 462 532 Rhenani
515 475 680 542 prima
732 472 843 537 (ΕΙ)
900 471 1194 535 comparata
1242 482 1359 517 cum
1398 464 1690 516 Fiorentino
1732 461 1788 512 F
1828 478 2002 513 ueram
2049 462 2102 512 in

232 568 535 618 uniuersum
576 564 626 614 et
665 562 919 627 integram
958 557 1105 609 nobis
1146 553 1404 621 permittit
1439 552 1710 604 restituere
1740 550 1950 601 illorum
1981 548 2104 599 ima-

233 655 418 722 ginem.
476 648 659 702 ubiubi
714 647 851 698 enim
888 645 1053 712 prima
1090 641 1324 694 Rhenani
1365 656 1480 691 cum
1522 638 1699 690 codice
1737 636 1794 687 F
1826 637 1953 687 facit
1991 636 2106 686 Hir-

233 740 560 807 saugiensem
599 751 692 786 nos
732 735 919 785 habere
961 734 1159 783 certum
1201 731 1295 791 est,
1350 727 1440 778 ubi
1486 741 1606 777 uero
1648 725 1704 775 F
1738 741 1854 776 cum
1892 722 2109 790 MOEN)

231 827 358 879 facit
395 828 571 877 contra
608 821 700 885 R1,
754 820 986 873 Rhenani
1035 818 1383 869 coniecturam
1432 813 1806 881 agnoscendam
1856 828 1969 864 esse
2009 827 2110 863 11011

231 916 401 966 minus
426 913 607 979 liquet.
622 910 662 979 2)
694 912 924 961 ceterum
958 923 1056 973 qua
1088 908 1254 957 aetate
1286 903 1477 955 fuerint
1516 902 1805 967 conscripta
1842 900 2109 952 uolumina

231 1000 644 1069 Hirsaugiensia,
679 997 799 1063 quia
831 997 969 1047 tacet
1000 995 1291 1055 RhenaRuS,
1326 990 1455 1043 scire
1479 1006 1577 1041 non
1602 1004 1900 1056 poss11mUS‚
1933 1004 2109 1054 quam-

234 1107 387 1155 quam
427 1088 561 1150 inde,
605 1085 740 1152 quod
780 1084 868 1135 1116
909 1082 1091 1134 ubiubi
1130 1083 1335 1148 praesto
1372 1081 1481 1130 erat
1511 1076 1926 1129 Paterniacensis
1957 1077 2110 1127 illum

232 1194 320 1245 pro
354 1176 685 1227 fundamento
719 1172 910 1239 posuit,
944 1171 1054 1222 iure
1087 1170 1307 1221 fortasse
1342 1165 1616 1218 concludas
1642 1165 1944 1216 Rhenanum
1975 1164 2109 1215 hunc

234 1265 463 1317 codicem
490 1262 831 1327 antiquiorem
856 1260 1116 1313 iudicasse
1147 1257 1294 1308 libris
1320 1254 1782 1321 Hirsaugiensibus
1818 1256 1868 1303 et
1901 1253 1963 1303 ob
1999 1268 2106 1303 eain

232 1368 338 1404 rem
379 1351 478 1402 fide
522 1350 824 1417 digniorem.
876 1349 1124 1414 quantum
1158 1348 1331 1396 autem
1366 1342 1645 1409 deperditis
1677 1340 1823 1391 libris
1854 1340 1904 1390 in
1937 1340 2110 1391 uerbis

232 1440 457 1491 auctoris
516 1436 893 1488 constituendis
951 1432 1349 1485 adiudicandum
1402 1430 1470 1481 sit
1525 1429 1849 1481 auctoritatis
1906 1432 1956 1479 et
2011 1444 2110 1494 quc

231 1529 439 1579 uinculo
475 1525 733 1578 coniuncti
765 1525 956 1575 fuerint
988 1539 1103 1574 cum
1137 1520 1596 1586 Montepessulane
1632 1519 1682 1568 et
1713 1517 2109 1579 Paterniacensi,

232 1615 545 1667 firmioribus
608 1613 709 1663 iam
763 1612 949 1677 positis
998 1608 1347 1662 fundamentis
1390 1607 1490 1657 dici
1536 1622 1688 1673 posse
1738 1605 1990 1656 existimo,
2053 1620 2111 1655 ac

231 1705 454 1771 primum
511 1701 718 1767 quidem
770 1700 826 1750 id
878 1700 973 1750 hac
1019 1699 1195 1749 nostra
1240 1695 1536 1747 recensione
1583 1695 1753 1760 palan]
1793 1694 1986 1744 factum
2030 1698 2110 1743 est

231 1808 331 1842 11011
370 1793 574 1841 tantum
614 1788 929 1839 intercedere
968 1787 1102 1838 inter
1141 1784 1541 1851 Hirsaugienses
1584 1787 1634 1834 et
1671 1782 1913 1847 reliquos,
1956 1798 2110 1847 quan-

233 1882 346 1929 tum
385 1877 699 1928 intercedere
740 1876 1017 1927 uidebatur
1058 1874 1305 1940 quamdiu
1344 1888 1443 1923 non
1485 1872 1612 1922 satis
1654 1871 1927 1922 distinctae
1969 1873 2113 1921 erant

234 1966 483 2017 editiones
533 1964 913 2024 Rhenanianae3
971 1962 1218 2013 maiorem
1268 1961 1402 2011 enim
1457 1975 1727 2010 numerum
1780 1958 2108 2023 discrepanti-

233 2070 393 2115 arum,
435 2068 563 2118 quae
604 2052 654 2102 in
693 2052 847 2102 tertia
877 2050 1110 2101 Rhenani
1142 2050 1480 2114 reperiuntur,
1513 2063 1609 2097 non
1646 2046 2108 2113 Hirsaugiensibus

233 2141 325 2192 sed
364 2139 671 2191 coniectanti
709 2139 951 2190 Rhenano
995 2138 1167 2188 deberi
1206 2138 1308 2187 iam
1348 2137 1523 2202 potest
1562 2134 1816 2202 cognosci.
1855 2135 2106 2185 uerior-em

231 2232 403 2280 tamen
436 2227 700 2293 archetypi
730 2227 1009 2293 imaginem
1041 2225 1280 2291 praebere
1322 2223 1549 2275 codicem
1588 2223 2106 2287 Montepessulanum

233 2332 387 2382 quam
426 2315 829 2382 Hirsaugienses
884 2314 970 2364 uix
1008 2313 1177 2381 fugiet
1217 2327 1545 2378 quemquam,
1603 2310 1691 2375 qui
1736 2311 1879 2361 10606
1921 2310 2107 2361 discre-

232 2407 413 2471 pantes
475 2403 883 2470 perlustrauerit.
940 2403 1075 2453 sicut
1130 2402 1264 2453 enirn
1311 2401 1361 2450 in
1410 2399 1745 2450 immutandis
1787 2399 2103 2464 quorundam

308 2559 338 2614 1)
372 2561 484 2602 Sunt
515 2559 560 2601 hi
591 2558 712 2601 libri:
756 2559 808 2601 de
845 2572 1013 2601 corona
1043 2558 1214 2611 militis,
1259 2557 1321 2599 ad
1357 2560 1597 2611 martyras,
1633 2557 1685 2599 de
1714 2556 2020 2610 paenitentia,
2055 2556 2108 2598 cle

232 2633 486 2689 uiryinibiis
516 2632 738 2686 uelawdis,
773 2632 825 2675 de
857 2632 1017 2675 habitu
1046 2631 1266 2685 muliebri,
1301 2630 1364 2672 ad
1392 2643 1590 2684 uxorem,
1624 2630 1676 2672 de
1698 2630 2020 2684 persecutione,
2047 2629 2109 2671 ad

233 2704 502 2759 Scapulam,
527 2704 580 2746 de
610 2704 920 2747 exhortatione
951 2705 1192 2758 castitatis,
1220 2703 1272 2746 dc
1294 2704 1593 2758 monoyamia,
1620 2703 1672 2745 de
1696 2702 1862 2757 pallio,
1889 2702 2108 2744 aduersus

233 2778 528 2821 Marcionem.

307 2849 338 2903 2)
368 2852 467 2893 Arti
509 2850 772 2894 emendandi
812 2851 951 2893 inulto
992 2850 1125 2893 etiam
1164 2851 1307 2906 magis
1347 2848 1520 2892 studuit
1550 2849 1788 2891 Rhenanus
1825 2849 1871 2891 in
1911 2848 2106 2891 editione

235 2925 428 2967 secunda
461 2939 497 2967 a.
535 2924 646 2967 1528
679 2924 851 2976 emissa,
884 2924 930 2966 in
962 2937 1048 2979 qua
1080 2923 1335 2966 adornanda
1365 2923 1488 2965 nulla
1519 2922 1726 2965 adhibuit
1756 2935 1872 2965 noua
1909 2921 2106 2965 codicum

233 2997 444 3052 subsidia,
480 2998 666 3039 maxime
699 2999 846 3040 autem
878 2997 923 3039 in
956 2997 1105 3050 tertia,
1141 3011 1252 3053 quae
1286 2996 1453 3051 prodiit
1485 3010 1521 3038 a.
1557 2995 1669 3039 1539
1702 2994 1814 3050 (123),
1846 3009 1934 3038 11011
1967 2996 2106 3037 solum

234 3069 485 3112 (ἔοι-21611616
518 3070 620 3112 libri
653 3084 781 3125 quarn
815 3071 985 3112 interea
1016 3072 1247 3126 acceperat
1281 3069 1518 3112 collatione
1558 3069 1636 3112 sed
1669 3070 1802 3112 etiam
1833 3070 1970 3125 ipsius
2004 3082 2105 3111 6011-

233 3143 412 3185 iecturis
454 3143 684 3197 permultis
725 3144 832 3185 locis
874 3143 1122 3186 emendata.
1162 3146 1409 3200 propterea,
1451 3157 1547 3185 cum
1580 3156 1652 3185 eas
1686 3156 1794 3198 quas
1825 3141 2105 3197 postmodum

234 3215 441 3270 probauit
469 3216 665 3260 medelas
697 3217 830 3259 etiam
860 3217 905 3258 in
936 3216 1116 3260 tertiam
1147 3216 1377 3274 receperit,
1401 3215 1618 3259 secundae
1652 3215 1859 3258 editionis
1889 3215 2103 3257 rationem

233 3289 400 3331 nullam
433 3290 681 3332 censuimus
711 3288 973 3341 habendam,
1009 3304 1058 3332 eo
1093 3291 1338 3332 accuratius
1371 3292 1516 3332 autem
1557 3289 1833 3331 distinximus
1871 3288 1986 3330 inter
2017 3286 2104 3343 pri-

233 3376 349 3404 mam
389 3364 434 3404 et
471 3363 664 3417 tertiam,
702 3365 753 3405 ut
791 3362 969 3405 tandem
1008 3363 1246 3419 aliquando
1289 3363 1495 3418 cognosci
1534 3363 1687 3419 possit,
1730 3361 1836 3416 quid
1882 3361 2104 3404 codicibus

235 3435 340 3490 quid
371 3436 551 3491 ingenio
585 3450 662 3479 6110
697 3436 858 3480 debeat
892 3436 1142 3480 Rhenanus.
