2248 3646
222 238 325 288 342
598 235 789 287 Quinti
822 234 1054 289 Septimi
1084 233 1362 276 Florentis
1393 230 1724 277 Tertulliani

224 397 355 447 situs
413 398 508 455 est,
573 395 662 446 sed
718 395 1063 456 institutione,
1129 394 1412 446 secundum
1476 395 1830 466 institutorem
1883 397 2092 458 bonum,

220 484 424 536 scilicet
446 485 695 535 bonorum
725 482 1059 533 conditorem.
1099 485 1159 532 ut
1184 499 1303 550 ergo
1337 482 1526 534 bonum
1560 482 1663 534 iam
1699 499 1851 536 suum
1884 484 2095 536 haberet

220 572 393 634 homo,
435 572 815 638 emancipatum
867 570 967 621 sibi
1007 587 1035 621 a
1075 570 1187 632 deo,
1230 574 1281 622 et
1319 570 1466 622 fieret
1510 571 1795 637 proprietas
1834 572 1937 623 iam
1976 572 2094 623 boni

221 661 272 711 in
319 660 528 712 homine
577 663 627 710 et
674 658 1056 725 quodammodo
1106 662 1302 719 natura,
1354 658 1414 709 de
1461 659 1791 712 institutione
1839 660 2096 727 adscripta

223 752 301 799 est
361 748 439 799 illi
504 748 652 814 quasi
704 748 952 814 libripens
1010 746 1318 813 emancipati
1375 763 1402 797 a
1456 741 1548 799 deo
1603 747 1724 798 boni
1777 747 1989 800 libertas
2046 751 2097 799 et
2147 765 2166 795 5

220 839 454 908 potestas
481 837 695 895 arbitrii,
731 851 860 902 quae
896 835 1123 886 efficeret
1152 835 1345 886 bonum
1386 836 1446 885 ut
1483 835 1747 901 proprium
1779 835 1880 886 iam
1915 838 2095 902 sponte

218 909 469 990 praestari
496 925 556 976 ab
584 925 808 983 homine,
838 955 906 960 —
941 924 1183 990 quoniam
1211 924 1307 975 hoc
1335 927 1387 974 et
1409 924 1540 974 ratio
1573 923 1821 975 bonitatis
1857 924 2097 990 exigeret,

219 1013 510 1065 uoluntarie
544 1012 868 1083 exercendae,
904 1027 961 1062 ex
991 1011 1231 1062 libertate
1267 1011 1467 1062 scilicet
1500 1012 1712 1074 arbitrii,
1754 1028 1852 1062 non
1893 1012 2097 1063 fauente

218 1101 539 1152 institutioni
578 1117 676 1152 non
718 1100 973 1151 seruiente
1012 1129 1083 1169 ?-
1124 1102 1181 1150 ut
1221 1099 1293 1149 ita
1341 1099 1546 1150 demum
1586 1099 1753 1151 bonus
1793 1100 2097 1152 consisteret

219 1190 389 1251 homo,
444 1188 487 1239 si
535 1188 824 1239 secundum
872 1187 1254 1238 institutionem
1306 1186 1532 1252 quidem,
1582 1186 1674 1238 sed
1722 1203 1778 1238 ex
1825 1188 2094 1248 uoluntate
2129 1204 2167 1234 ιο

217 1278 321 1328 iam
353 1277 518 1328 bonus
559 1276 895 1338 inueniretur,
951 1275 1099 1341 quasi
1140 1275 1199 1326 de
1239 1275 1552 1346 proprietate
1594 1279 1821 1338 naturae,
1885 1275 2095 1342 proinde

219 1368 279 1416 ut
311 1369 362 1419 et
386 1369 562 1417 contra
593 1365 786 1416 malum
821 1394 890 1400 —-
922 1380 1039 1414 nam
1076 1367 1125 1414 et
1157 1363 1288 1414 illud
1320 1364 1500 1428 utique
1534 1364 1659 1415 deus
1692 1363 1995 1430 prouidebat
2027 1394 2097 1401 --

220 1458 280 1506 ut
318 1454 498 1506 fortior
536 1455 687 1505 homo
727 1452 1102 1519 praetenderet,
1144 1452 1276 1503 liber
1316 1452 1516 1503 scilicet
1557 1455 1607 1503 et
1647 1468 1770 1504 suae
1802 1454 2094 1518 potestatis

220 1542 342 1609 quia
373 1542 418 1593 si
444 1545 639 1593 careret
669 1541 767 1593 hoc
790 1541 918 1603 iure,
947 1543 1004 1590 ut
1028 1540 1223 1591 bonum
1258 1556 1462 1606 quoque
1495 1556 1593 1592 non
1627 1541 1897 1592 uoluntate
1933 1540 2098 1592 obiret

221 1631 311 1683 sed
342 1631 667 1695 necessitate,
706 1629 1024 1695 usurpabilis
1066 1628 1220 1679 etiam
1262 1629 1398 1679 malo
1439 1628 1647 1679 futurus
1689 1630 1827 1679 esset
1866 1644 1922 1679 ex
1961 1629 2096 1679 infir-
2127 1644 2169 1676 15

221 1719 402 1769 mitate
443 1718 661 1783 seruitii,
703 1716 915 1784 proinde
957 1718 1009 1768 et
1045 1716 1180 1767 malo
1216 1715 1353 1767 sicut
1384 1717 1515 1788 bono
1549 1716 1794 1767 famulus.
1835 1718 1946 1767 tota
1977 1733 2095 1785 ergo

218 1806 432 1858 libertas
481 1805 677 1857 arbitrii
723 1805 773 1856 in
813 1807 1085 1871 utramque
1132 1807 1331 1870 partem
1373 1820 1618 1856 concessa
1658 1808 1738 1864 est
1775 1804 1870 1867 illi,
1918 1807 1978 1856 ut
2016 1807 2098 1857 sui

222 1894 462 1945 dominus
495 1896 789 1945 constanter
823 1895 1112 1945 occurreret
1147 1895 1198 1943 et
1221 1893 1352 1944 bono
1388 1896 1569 1960 sponte
1602 1892 1853 1944 seruando
1889 1895 1939 1943 et
1962 1895 2095 1946 malo

222 1985 405 2050 sponte
438 1982 669 2044 uitando,
705 1982 945 2047 quoniam
981 1984 1032 2032 et
1063 1981 1189 2032 alias
1223 1981 1452 2048 positum
1483 1981 1743 2033 hominem
1776 1981 1870 2033 sub
1903 1981 2095 2034 iudicio

221 2071 301 2122 dei
329 2070 601 2136 oportebat
631 2070 828 2121 iustum
862 2069 994 2121 illud
1027 2069 1228 2121 efficere
1262 2069 1322 2120 de
1356 2069 1550 2121 arbitrii
1584 2070 1665 2122 sui
1696 2070 1914 2131 meritiS,
1946 2069 2095 2120 liberi
2126 2085 2168 2116 20

222 2159 437 2211 scilicet.
501 2161 729 2209 ceterum
782 2173 873 2209 nec
920 2158 1042 2210 boni
1088 2174 1181 2209 nec
1228 2158 1351 2208 mali
1397 2173 1593 2209 merces
1640 2158 1752 2208 iure
1796 2159 2097 2224 pensaretur

221 2248 284 2309 ei,
328 2248 416 2313 qui
448 2249 539 2297 aut
576 2247 742 2298 bonus
785 2250 874 2297 aut
912 2246 1080 2297 malus
1120 2246 1430 2297 vnecessitate
1469 2246 1658 2298 fuisset
1694 2246 1955 2309 inuentuS,
1994 2260 2092 2296 non

219 2337 504 2387 uoluntate.
565 2335 616 2386 in
664 2335 761 2386 hoc
809 2338 859 2385 et
905 2336 985 2386 lex
1034 2335 1315 2386 constituta
1362 2337 1457 2396 est,
1514 2350 1610 2385 non
1659 2334 1949 2395 excludenS,
2004 2332 2095 2385 sed

219 2423 439 2490 probans
486 2424 779 2474 libertatem
828 2422 888 2473 de
941 2422 1189 2488 obsequio
1241 2425 1422 2487 sponte
1464 2421 1768 2489 praestando
1809 2421 1894 2472 uel
1932 2424 2094 2472 trans-

219 2512 482 2580 gressione
510 2514 691 2577 sponte
725 2510 1119 2562 committenda:
1155 2511 1226 2561 ita
1259 2511 1307 2560 in
1343 2514 1621 2575 utrumque
1655 2509 1847 2561 exit-um
1879 2510 2091 2561 libertas
2124 2522 2167 2554 25

217 2599 386 2666 patuit
420 2599 632 2651 arbitrii.
673 2599 835 2666 igitur
875 2599 918 2650 si
959 2602 1010 2649 et
1041 2599 1243 2650 bonitas
1287 2601 1337 2650 et
1368 2599 1497 2650 ratio
1539 2598 1620 2650 dei
1659 2598 1919 2649 inuenitur
1959 2598 2092 2648 circa

215 2687 509 2738 libertatem
545 2687 744 2737 arbitrii
779 2703 1078 2739 concessam
1111 2687 1322 2748 homini,
1356 2702 1452 2738 non
1482 2690 1685 2753 oportet
1711 2687 1903 2738 omissa
1930 2686 2093 2750 prima·

218 2774 511 2826 definitione
545 2775 791 2826 bonitatis
827 2779 981 2841 atque
1012 2775 1246 2836 rationiS,
1275 2791 1403 2840 quae
1437 2778 1553 2826 ante
1587 2790 1788 2826 omnem
1813 2776 2091 2825 tractatum

213 2862 578 2914 constituenda
610 2866 704 2922 est,
733 2866 852 2928 post
875 2863 953 2929 <e>
978 2864 1129 2914 factis
1156 2863 1507 2930 praeiudicare
1535 2879 1633 2914 non
1660 2862 1734 2913 ita
1760 2862 1912 2913 deum
1945 2861 2090 2912 insti-

277 3093 301 3134 5
332 3091 569 3146 libripense
603 3092 842 3147 mancipati
874 3092 996 3135 MR1
1057 3095 1080 3136 7
1106 3093 1403 3148 parenthesin
1432 3093 1642 3136 indicaui
1727 3093 1813 3134 hoc
1845 3094 1889 3134 et
1911 3091 2086 3145 scripsi:

220 3167 265 3207 et
295 3166 379 3207 hoc
409 3165 510 3208 MR
615 3165 640 3207 8
672 3178 756 3207 non
792 3165 930 3208 deleri
959 3167 1061 3208 uult
1099 3166 1183 3209 Urs
1288 3168 1314 3209 9
1346 3167 1619 3209 institutioni
1649 3165 1762 3221 1359.-
1793 3163 2087 3207 institutionis

219 3238 321 3281 MR
443 3239 494 3280 12
527 3242 577 3279 ut
617 3241 661 3280 et
701 3243 855 3281 contra
884 3238 942 3291 R,
974 3243 1026 3282 ut
1057 3242 1211 3283 contra
1241 3241 1311 3293 M,
1344 3242 1389 3282 et
1419 3243 1573 3283 contra
1602 3239 1650 3282 F
1767 3238 1820 3281 13
1852 3240 1902 3279 ut
1932 3237 2088 3279 fortior

219 3312 307 3364 (als
338 3310 416 3352 der
445 3311 716 3367 uberleyene)
738 3311 865 3365 MR2,
898 3312 1053 3355 fortior
1076 3312 1140 3356 R3
1217 3313 1270 3355 14
1296 3315 1464 3355 careret
1487 3312 1597 3367 Riy:
1621 3315 1797 3368 caperet
1819 3309 1920 3353 MR
2009 3308 2086 3351 ob·

218 3383 304 3425 iret
335 3383 410 3437 R3,
444 3384 586 3426 abiret
616 3383 736 3427 MR1
814 3382 865 3428 16
897 3386 1012 3429 sicut
1037 3388 1149 3441 <et>
1168 3388 1282 3441 fort.
1370 3385 1422 3428 18
1455 3389 1499 3428 et
1531 3400 1555 3428 a
1586 3385 1699 3427 bono
1732 3384 1780 3426 F
1857 3374 1912 3425 25
1946 3382 2085 3424 exitus

220 3457 419 3499 libertati
449 3458 555 3512 fort.
646 3458 701 3500 29
735 3472 757 3500 e
791 3458 955 3501 addidi
