2248 3646
150 1228 189 1257 10

150 1654 189 1685 15

600 291 694 333 VII.
726 291 989 334 Aduersus
1021 293 1333 334 Marcionem
1363 294 1437 334 lib.
1461 294 1549 335 1111
1578 296 1644 336 34.
1926 299 2024 350 537

225 451 274 497 et
323 449 586 498 transitum
638 448 889 512 utrimque
940 449 1213 513 prohibere.
1266 449 1353 498 sed
1405 465 1494 499 nec
1547 451 1832 502 adleuasset
1883 452 2025 503 diues

225 533 394 583 oculos
448 536 498 582 et
550 533 749 596 quidem
810 534 869 583 de
926 534 1210 598 longinquO,
1276 534 1372 582 nisi
1431 534 1479 584 in
1553 537 1807 599 superiora
1866 545 1914 587 et
1968 539 2025 588 de

222 617 499 667 altitudinis
537 618 807 682 longinquo
847 634 931 682 per
968 618 1242 668 inmensam
1282 619 1418 668 illam
1466 620 1754 670 distantiam
1801 623 2025 672 sublimi-

222 703 340 752 tatis
387 706 435 752 et
476 702 844 767 profunditatis.
897 702 1027 751 unde
1067 706 1270 766 apparet
1307 704 1521 767 sapienti
1560 706 1754 769 cuique,
1814 707 1897 769 qui
1937 708 2026 756 ali-

225 787 417 850 quando
442 787 640 851 Elysios
666 787 893 847 audierit,
926 802 1035 836 esse
1060 788 1272 852 aliquam
1305 789 1513 839 localem
1547 790 2025 850 determinationem,

223 887 345 935 quae
392 872 531 922 sinus
577 872 710 922 dicta
747 872 814 922 sit
848 872 1089 933 Abrahae,
1136 872 1199 922 ad
1234 874 1539 937 recipiendas
1580 875 1768 924 animas
1808 875 2024 926 filiorum

222 957 344 1017 eiUS,
398 957 545 1006 etiam
607 971 661 1006 ex
718 957 1018 1017 nationibuS,
1078 958 1233 1021 patris
1295 958 1488 1008 scilicet
1538 962 1811 1010 multarum
1871 962 2025 1011 natio-

221 1056 356 1100 num,
400 1041 449 1090 in
488 1041 714 1091 Abrahae
760 1056 962 1091 censum
1009 1041 1403 1106 deputandarum
1458 1042 1544 1111 [et]
1599 1060 1653 1093 ex
1684 1045 1863 1102 ¹eadem
1914 1046 2025 1105 fide,

222 1141 316 1188 qua
376 1130 426 1175 et
482 1126 730 1176 Abraham
785 1127 874 1176 deo
937 1126 1162 1188 credidit,
1222 1128 1358 1177 nullo
1420 1130 1512 1178 sub
1572 1129 1690 1194 iugo
1750 1130 1885 1195 legis
1938 1146 2026 1180 nec

218 1209 265 1257 in
320 1210 460 1275 signo
514 1210 922 1261 circumcisionis.
983 1225 1089 1259 eam
1141 1211 1309 1275 itaque
1361 1212 1631 1277 regionem,
1691 1214 1854 1263 sinum
1916 1215 2023 1264 dico

218 1295 459 1355 Abrahae,
506 1296 600 1344 etsi
638 1310 733 1345 non
772 1296 1052 1358 caelestem,
1098 1296 1442 1346 sublimiorem
1479 1300 1643 1348 tamen
1683 1299 1869 1361 inferis,
1905 1300 2022 1349 inte-

218 1381 311 1430 rim
361 1381 675 1446 refrigerium
718 1382 952 1445 praebere
999 1381 1257 1432 animabus
1308 1383 1556 1433 iustorum
1602 1400 1653 1443 ve,
1709 1384 1863 1434 donec
1916 1400 2023 1434 con-

218 1466 485 1516 summatio
524 1482 687 1516 rerum
726 1467 1139 1517 resurrectionem
1179 1467 1398 1517 omnium
1434 1467 1741 1531 plenitudine
1781 1470 2024 1519 mercedis

220 1555 484 1616 expungat,
523 1553 643 1601 tunc
682 1553 965 1616 apparitura
998 1553 1204 1602 caelesti
1234 1553 1582 1616 promissione,
1616 1584 1683 1589 —-
1717 1570 1864 1617 quarn
1895 1555 2025 1604 Mar-

219 1636 327 1685 cion
362 1651 452 1686 suo
484 1636 626 1700 (deo)
657 1637 893 1699 uindicat,
928 1638 1072 1701 quasi
1102 1653 1196 1687 non
1233 1653 1260 1686 a
1290 1640 1509 1688 creatore
1540 1640 1925 1704 promulgatam,
1957 1669 2022 1674 —

218 1722 278 1770 ad
346 1737 493 1785 quam
561 1738 821 1772 ascensum
890 1739 1037 1773 suum
1107 1722 1336 1774 Christus
1406 1725 1641 1774 aedificat
1705 1725 1754 1773 in
1831 1726 2022 1774 caelum

219 1807 492 1856 secundum
546 1806 689 1867 Osee,
742 1808 917 1872 utique
972 1809 1093 1869 suis,
1147 1809 1234 1858 ubi
1280 1812 1357 1858 est
1395 1813 1444 1859 et
1479 1810 1621 1859 locus
1662 1813 1911 1871 aeternuS,
1967 1810 2022 1858 de

221 1907 315 1955 quo
340 1892 536 1942 Esaias:
563 1893 706 1955 quis
740 1894 1160 1943 adnuntiabit
1190 1894 1375 1943 uobis
1409 1896 1616 1944 locum
1657 1899 2021 1945 aeternum?

160 2028 162 2030 .
218 1978 313 2026 nisi
338 1978 532 2027 scilicet
557 1977 804 2039 Christus,
829 1979 1130 2028 incedens
1164 1979 1222 2028 in
1247 1979 1528 2040 iustitia,
1556 1980 1831 2044 loquens
1856 1981 2023 2029 uiam

151 2079 191 2109 20

222 2065 472 2124 rectam,
529 2063 671 2112 odio
728 2064 962 2114 habens
1009 2064 1418 2114 iniustitiam
1475 2068 1534 2115 et
1585 2066 2023 2130 iniquitatem.

220 2148 397 2211 quodsi
448 2151 675 2199 aeternus
727 2149 869 2199 locus
922 2151 1285 2213 repromittitur
1338 2154 1388 2200 et
1439 2166 1674 2201 ascensus
1727 2152 1776 2200 in
1831 2152 2021 2201 caelum

219 2232 507 2283 aedificatur
538 2250 564 2282 a
595 2237 829 2293 creatore,
869 2235 1192 2298 promittente
1226 2236 1375 2285 etiam
1407 2251 1574 2285 semen
1606 2236 1835 2285 Abrahae
1868 2237 2025 2285 ‘uelut

218 2318 390 2368 stellas
423 2319 562 2368 caeli'
593 2319 833 2380 futurum,
858 2319 1033 2384 utique
1067 2321 1125 2369 ob
1160 2323 1426 2370 caelestem
1458 2321 1857 2384 promissionem,
1885 2321 2023 2370 salua

219 2418 275 2451 ea
318 2405 645 2467 promissione
692 2419 779 2454 cur
814 2420 909 2454 non
950 2406 1112 2469 capiat
1150 2406 1313 2455 sinum
1350 2406 1577 2456 Abrahae
1618 2405 1714 2454 dici
1752 2405 2023 2469 temporale

170 2514 186 2542 5
216 2488 418 2551 aliquod
448 2489 723 2539 animarum
754 2489 975 2539 fidelium
1006 2492 1394 2555 receptaculum,
1426 2491 1475 2539 in
1509 2506 1604 2554 quo
1636 2490 1735 2539 iam
1763 2489 2026 2539 delinietur

217 2573 372 2622 futuri
409 2574 573 2640 imago
615 2589 668 2623 ac
709 2574 918 2623 candida
957 2575 1198 2638 quaedam
1236 2575 1500 2638 utriusque
1539 2573 1713 2623 iudicii
1753 2574 2024 2638 prospicia-

358 2769 399 2821 7]
435 2768 486 2810 cf.
520 2767 623 2809 Gen.
659 2769 722 2819 17,
753 2770 791 2809 4.
825 2769 876 2809 cf.
908 2769 1027 2809 Rom.
1059 2770 1098 2819 4,
1132 2770 1198 2810 17.
1287 2770 1330 2822 9]
1365 2769 1415 2810 cf.
1450 2770 1568 2809 Rom.
1600 2769 1639 2817 4,
1666 2769 1704 2809 3.
1822 2769 1872 2808 cf.
1904 2767 2026 2807 Rom.

217 2840 256 2886 4,
292 2839 354 2880 13.
487 2839 556 2892 10]
591 2839 641 2881 ef.
673 2839 793 2880 Rom.
825 2841 864 2888 4,
899 2840 962 2881 11.
1095 2841 1165 2894 16]
1201 2840 1251 2881 cf.
1284 2840 1375 2881 Arn.
1409 2841 1447 2893 9,
1479 2842 1518 2882 6.
1653 2839 1722 2892 18]
1757 2839 1824 2879 Es.
1858 2839 1925 2886 33,
1958 2839 2024 2878 14.

219 2911 288 2962 19]
321 2909 393 2950 Es.
424 2911 491 2959 33,
526 2911 589 2951 15.
678 2911 750 2965 22]
785 2912 835 2953 cf.
870 2911 972 2953 Gen.
1005 2913 1071 2961 22,
1106 2913 1172 2953 17.

277 3047 295 3086 1
330 3047 541 3100 utrimque
570 3046 646 3096 13³,
676 3050 904 3101 utrumque
934 3046 1050 3088 MR¹
1151 3047 1175 3088 8
1207 3050 1251 3088 et
1279 3049 1434 3090 seclusi
1537 3049 1584 3089 11
1619 3049 1699 3089 etsi
1730 3048 1860 3098 MR³‚
1894 3052 1936 3090 et
1965 3049 2022 3090 R³

220 3118 270 3158 12
309 3117 509 3170 praebere
545 3118 723 3171 scripsi:
751 3122 972 3172 praeterea
1000 3118 1129 3167 MR&
1161 3118 1449 3173 praebituram
1481 3118 1542 3161 R³
1572 3121 1703 3173 uulyo
1819 3120 2023 3161 lacunam

216 3189 417 3242 siynaui:
462 3188 758 3230 contendimus
800 3189 872 3231 uel
923 3191 1011 3231 tale
1057 3191 1228 3243 aliquid
1271 3190 1465 3231 desidero
1612 3192 1661 3231 15
1716 3190 1794 3231 deo
1850 3190 2028 3231 addidi.-

219 3258 388 3300 Christo
423 3259 524 3301 add.
560 3259 818 3301 Giacconius
961 3260 1289 3314 promulgatam.
1323 3260 1377 3301 ad
1406 3262 1539 3314 uulyo
1695 3262 1744 3301 17
1778 3260 1887 3302 Osee
1917 3261 2028 3310 MR,

216 3330 345 3370 Amos
375 3330 490 3371 Pam
605 3330 656 3371 21
688 3331 1002 3384 repromittitur
1032 3330 1104 3380 R'ss,
1136 3331 1460 3385 repromittatur
1488 3331 1603 3372 MR1
1720 3332 1773 3372 26
1806 3345 1855 3372 ac
1886 3332 1940 3374 R,
1975 3331 2027 3371 ad

217 3399 318 3441 MF
428 3400 633 3454 quaedam
665 3401 720 3449 R,
754 3401 936 3455 quadam
966 3401 1067 3442 ΜΕ
