2248 3646
196 226 300 276 364
571 222 757 275 Quinti
793 194 1019 279 Septimi
1050 224 1328 267 Florentis
1361 225 1693 270 Tertulliani

268 386 352 435 21.
381 384 464 436 sic
499 388 549 436 et
579 384 629 436 in
665 385 847 436 ceteris
883 387 1270 438 contrarietates
1305 390 1693 454 praeceptorum
1720 389 1765 440 ei
1791 391 2058 456 exprobras

192 476 251 524 ut
304 473 485 525 mobili
533 477 584 525 et
629 474 877 536 instabili,
928 475 1218 540 prohibenti
1269 477 1497 527 sabbatis
1540 477 1737 542 operari
1777 481 1828 528 et
1864 479 2059 531 iubenti

192 577 359 612 arcam
416 561 733 612 circumferri
788 579 877 627 pei·
932 562 1040 614 dies
1090 568 1223 625 0610,
1279 564 1330 613 id
1379 568 1458 615 est
1513 565 1663 615 etiam
1722 565 1953 628 sabbato,
2009 569 2055 619 in

190 649 563 716 expugnatione
589 650 818 702 ciuitatis
845 651 1062 702 Iericho.
1104 668 1197 703 nec
1225 652 1426 703 sabbati
1459 653 1592 703 enim
1626 653 1839 719 inspicis
1872 654 2057 721 legem,

190 752 344 803 opera
375 738 613 800 humana,
648 754 746 789 non
780 738 953 789 diuina
984 739 1355 805 prohibentem.
1400 740 1679 806 siquidem:
1723 757 1843 804 seX,
1877 743 2057 807 inquit⁷

191 825 424 876 diebus
469 842 740 891 operare
775 830 837 877 et
869 827 1090 878 facies
1127 829 1339 879 omnia
1372 832 1729 895 operatua,
1775 831 2057 895 septima

188 915 405 964 autem
455 914 560 965 die
612 915 888 965 sabbata
929 915 1186 967 domino
1231 916 1519 977 (160111ος
1585 933 1703 967 non
1743 917 1953 969 facies
1993 919 2055 969 111

187 1018 256 1052 ea
296 1016 474 1052 omne
515 1017 634 1068 opu
655 1018 693 1052 s.
752 1002 926 1067 quod?
985 1003 1163 1067 utique
1205 1006 1369 1053 tuum.
1427 1019 1744 1069 consequens
1785 1005 1918 1055 enim
1961 1010 2054 1068 est,

184 1093 242 1142 ut
275 1106 332 1141 ea
365 1106 518 1156 opera
552 1091 767 1143 sabbato
802 1091 1038 1154 auferret,
1082 1108 1211 1157 quae
1244 1108 1330 1143 sex
1371 1092 1555 1143 diebus
1598 1109 1752 1158 supra
1789 1094 2054 1158 indixerat,

184 1182 274 1229 tua
315 1179 529 1242 66111661,
570 1179 622 1230 id
663 1182 742 1230 est
780 1179 1005 1230 humana
1045 1183 1095 1230 et
1137 1179 1405 1231 cotidiana.
1469 1196 1637 1231 arcam
1677 1198 1799 1234 uero
1841 1184 2054 1235 circuni-

184 1268 311 1318 ferre
358 1283 519 1333 neque
570 1268 884 1319 cotidianum
936 1284 1064 1334 opus
1113 1268 1277 1321 uideri
1322 1272 1497 1335 potest
1544 1285 1707 1335 neque
1754 1271 2052 1335 humanum,

183 1356 273 1407 sed
315 1360 366 1407 et
402 1373 571 1407 rarum
613 1360 664 1408 et
704 1360 1088 1408 sacrosanctum
1138 1360 1189 1409 et
1237 1375 1294 1409 ex
1341 1359 1453 1424 ipso
1497 1362 1618 1409 tunc
1660 1359 1740 1410 dei
1780 1366 2051 1428 praecepto

182 1445 362 1510 utique
403 1446 651 1496 diuinum.
702 1445 838 1511 quod
878 1447 929 1495 et
967 1446 1140 1510 ipsum
1183 1446 1306 1511 quid
1346 1447 1663 1513 significaret
1702 1448 2051 1511 edissererem,

180 1534 280 1584 nisi
335 1535 546 1600 longum
602 1538 742 1584 esset
796 1534 986 1600 figuras
1042 1538 1456 1603 argumentorum
1521 1537 1750 1587 omnium
1812 1540 2053 1589 creatoris

181 1621 476 1687 expandere,
533 1637 659 1687 quas
714 1622 928 1672 forsitan
984 1638 1077 1673 nec
1126 1623 1373 1674 admittis.
1437 1623 1526 1674 sed
1574 1624 1691 1688 plus
1741 1630 1836 1685 est,
1894 1626 1938 1676 si
1990 1627 2048 1677 de

179 1710 431 1761 absolutis
477 1709 830 1771 reuincamini.
889 1710 1226 1776 simplicitate
1275 1712 1526 1772 ueritatis,
1584 1729 1680 1764 non
1731 1714 2046 1776 curiositate,

178 1797 315 1847 616111
354 1799 405 1847 et
444 1813 576 1848 nunc
610 1800 747 1848 certa
789 1798 1052 1849 distinctio
1096 1801 1175 1850 est
1214 1800 1415 1851 sabbati
1456 1799 1694 1862 humana,
1737 1817 1834 1852 non
1876 1801 2049 1852 diuina

179 1901 330 1951 opera
353 1885 690 1950 prohibentia.
725 1886 943 1952 ideoque
971 1887 1059 1952 qui
1093 1888 1322 1938 sabbatis
1357 1887 1497 1954 ligna
1523 1891 1633 1939 tum
1667 1891 1863 1956 legerat
1896 1891 2048 1942 morti

178 1974 329 2025 datus
378 1977 471 2026 est.
546 1990 697 2026 suum
755 1974 887 2025 enim
940 1990 1067 2039 opus
1117 1976 1323 2035 fecerat.
1376 1977 1492 2043 lege
1542 1977 1891 2029 interdictum.
1961 1979 2048 2044 qui

175 2078 296 2113 uero
345 2079 511 2134 arcam
568 2063 797 2113 sabbatis
853 2063 1291 2125 circumtulerant,
1349 2063 1557 2131 impune
1610 2070 1894 2132 gesserunt.
1952 2083 2047 2118 non

176 2167 328 2202 suurn
373 2152 506 2202 enim
550 2151 640 2202 sed
673 2151 754 2201 dei
795 2167 942 2218 011116,
986 2168 1042 2202 ex
1074 2156 1346 2217 praecepto
1383 2153 1585 2204 scilicet
1614 2154 1796 2218 ipsius,
1838 2155 2049 2205 admini-

175 2241 477 2290 strauerant.

247 2328 332 2378 22.
373 2326 593 2378 Proinde
636 2333 685 2377 et
726 2327 1122 2378 similitudinem
1163 2330 1345 2378 uetans
1386 2327 1495 2378 fieri
1538 2329 1783 2381 omnium.
1828 2346 1957 2395 quae
1997 2330 2048 2380 in

174 2415 313 2467 caelo
349 2426 399 2467 et
429 2416 478 2467 in
511 2419 645 2467 terra
671 2419 722 2467 et
745 2416 796 2466 in
825 2416 991 2482 aquis.
1019 2416 1248 2467 ostendit
1280 2419 1331 2467 et
1357 2434 1558 2469 causas.
1596 2415 1880 2487 [idolatriae
1913 2418 2047 2470 scili-

174 2507 255 2555 cet
285 2505 629 2556 substantiam
656 2502 990 2574 cohibentes]
1020 2505 1209 2556 subicit
1237 2506 1392 2556 enim:
1426 2523 1545 2558 non
1573 2507 1948 2559 adorabitis
1976 2524 2043 2558 ea

316 2622 358 2675 2}
401 2620 455 2663 cf,
495 2621 580 2663 Ios.
622 2622 661 2669 6,
702 2622 830 2664 3-4.
953 2622 998 2676 5]
1040 2621 1173 2664 Exod.
1217 2619 1285 2676 20,
1326 2623 1482 2665 9—10.
1606 2624 1674 2678 17]
1717 2623 1769 2665 cf.
1811 2623 1941 2665 Num.
1979 2624 2044 2675 15,

171 2694 357 2738 32-36.
450 2695 523 2750 25]
556 2694 689 2736 Exod.
724 2695 793 2745 20,
828 2697 866 2737 5.

233 2783 251 2823 1
289 2782 521 2837 exprobras
543 2782 602 2833 R,
637 2781 848 2836 exprobas
872 2782 934 2824 M
1016 2784 1042 2825 2
1074 2784 1329 2838 prohibenti
1351 2817 1359 2825 .
1379 2821 1386 2828 ,
1409 2819 1416 2827 .
1436 2783 1609 2826 iubenti
1626 2783 1910 2838 Leopoldus:
1944 2798 2043 2839 pro·

170 2854 365 2913 bibentis
384 2854 665 2898 ...iubentis
688 2854 790 2898 MR
878 2857 907 2898 4
939 2857 1103 2899 iericho
1131 2857 1244 2907 MF,
1278 2857 1488 2900 Hiericho
1521 2857 1566 2900 R
1656 2859 1680 2900 9
1715 2857 1909 2899 auferret
1930 2856 2043 2911 ΜΓ,

171 2927 343 2970 auferet
365 2929 409 2971 R
495 2929 546 2971 13
572 2929 716 2984 ipsum
748 2930 932 2984 scripsi:
956 2931 1051 2985 ipse
1074 2930 1176 2973 MR
1261 2932 1314 2973 14
1345 2931 1430 2973 nisi
1454 2931 1522 2984 M,
1554 2931 1685 2973 nimis
1708 2930 1753 2973 R
1837 2930 1889 2973 18
1920 2931 2044 2985 ligna

169 3004 262 3043 tum
302 3001 475 3056 legerat
514 3003 695 3056 scripsi:
732 3002 952 3058 lignatum
992 3007 1145 3059 egerat
1182 3003 1250 3054 M,
1289 3003 1509 3058 lignatum
1546 3004 1693 3059 igerat
1728 3004 1783 3053 F,
1823 3004 2041 3058 lignatum

167 3074 283 3116 ierat
313 3074 357 3117 R
388 3075 524 3130 uulyo
603 3076 652 3117 21
693 3075 770 3118 sed
803 3075 873 3118 dei
908 3090 1016 3131 opus
1041 3077 1108 3127 M,
1143 3091 1265 3132 opus,
1299 3077 1376 3119 sed
1409 3077 1476 3119 dei
1508 3077 1705 3132 Ruulyo
1780 3077 1836 3118 24
1868 3090 2039 3118 causam

168 3147 273 3197 fort.
392 3148 949 3191 idolatriae—cohibentes
981 3150 1166 3192 seclusi:
1196 3164 1336 3204 neque
1376 3151 1490 3192 enim
1521 3164 1686 3193 causae
1716 3150 1917 3193 cohibent
1944 3150 2040 3191 ido-

169 3221 368 3276 latriam,
400 3222 479 3263 sed
500 3227 789 3276 praeceptum
829 3223 922 3275 6161,-
943 3223 1129 3276 frustra
1162 3229 1307 3266 autem
1341 3237 1439 3267 cum
1476 3223 1639 3266 Ursino
1663 3237 1750 3278 pro
1784 3223 2040 3265 cohibentes

166 3293 441 3347 rescripseris
473 3294 682 3336 cohibens
713 3295 807 3337 nisi
836 3296 970 3338 simul
1002 3297 1202 3338 ordinem
1233 3297 1468 3339 uerbormn
1498 3297 1562 3339 sic
1591 3297 1845 3338 inuertervjs:
1879 3295 2042 3337 subicit

168 3367 296 3416 enim,
330 3367 836 3410 idolatriae—cohibens
927 3369 1098 3412 scilicet
1121 3370 1178 3411 M
1209 3371 1275 3424 (in
1305 3384 1385 3426 my.
1422 3383 1532 3425 quae
1567 3369 1672 3412 add.
1697 3383 1753 3411 m.
1779 3370 1838 3423 3),
1871 3368 2040 3411 scilicet

168 3453 277 3493 quae
317 3439 366 3491 R,
399 3440 570 3483 scilicet
602 3454 755 3483 caecae
795 3441 1003 3483 Oehlerus

2089 1198 2127 1226 10

2084 1640 2125 1672 15

2079 2080 2122 2111 20

2073 2518 2116 2551 25
