2248 3646
122 1208 164 1238 10

125 1629 164 1660 15

130 2056 168 2084 20

130 2478 171 2509 25

522 269 614 310 VII.
647 268 907 310 Aduersus
938 269 1246 310 Marcionem
1278 269 1352 312 lib.
1385 269 1473 310 1111
1505 270 1684 311 39-40.
1901 273 2000 322 559

268 425 350 473 40.
386 423 597 472 Proinde
638 423 767 481 sciit,
802 426 850 472 et
881 423 1073 486 quando
1115 422 1218 486 pati
1258 425 1506 486 oporteret
1544 439 1672 483 eum,
1714 423 1855 473 cuius
1893 439 2001 487 pas-

197 509 386 558 sionem
411 508 489 558 lex
509 507 806 573 figura<ra>t
831 523 940 556 narn
969 523 1022 557 ex
1046 510 1121 557 tot
1144 508 1288 557 festis
1313 508 1608 558 Iudaeorum
1633 508 1846 572 paschae
1872 509 2001 558 diem

199 593 362 658 elegit.
391 593 441 642 in
465 592 558 642 hoc
592 593 720 642 enim
756 595 1119 642 sacramentum
1152 593 1492 656 pronuntiarat
1521 592 1744 657 Moyses:
1784 594 2002 656 pascha

199 681 288 727 est
347 677 582 727 domini.
649 678 759 727 ideo
815 680 864 727 et
915 677 1166 726 adfectum
1220 693 1367 727 suum
1423 677 1662 728 ostendit:
1732 678 2001 743 concupi-

199 762 427 812 scentia
488 762 761 826 concupii
814 763 1034 825 pascha
1089 762 1254 811 edere
1308 762 1635 822 uobiscum,
1689 765 2001 826 antequam

194 847 401 913 patiar.
450 862 476 896 o
522 847 651 912 legis
699 848 1077 907 destructorem,
1125 847 1209 911 qui
1257 847 1576 910 concupierat
1622 849 1770 897 etiam
1819 849 2004 911 pascha

198 936 417 983 seruare!
465 933 699 982 nimirum
737 932 1000 982 uerbecina
1038 933 1180 980 illum
1225 928 1308 999 [in]
1348 931 1551 981 Iudaica
1603 932 1888 983 delectarat.
1945 949 2001 982 an

196 1020 304 1084 ipse
351 1020 470 1079 erat,
518 1018 619 1082 qui,
664 1021 918 1082 tamquam
966 1018 1075 1067 ouis
1116 1018 1175 1067 ad
1214 1017 1472 1067 uictimam
1514 1017 1692 1067 adduci
1731 1018 1915 1067 habens
1955 1021 2003 1068 et

196 1107 451 1168 tamquam
491 1104 598 1154 ouis
640 1119 803 1154 coram
842 1103 1077 1153 tondente
1127 1103 1197 1153 sic
1238 1118 1291 1152 os
1333 1119 1426 1152 non
1467 1105 1747 1166 aperturus,
1792 1102 2002 1168 figuram

197 1189 451 1254 sanguinis
492 1189 570 1239 sui
610 1189 842 1238 salutaris
889 1189 1094 1252 implere
1143 1188 1560 1251 concupiscebat?
1606 1190 1801 1252 poterat
1847 1191 1897 1237 et
1942 1188 2000 1237 ab

197 1277 422 1323 extraneo
477 1274 698 1337 quolibet
751 1274 893 1334 tradi,
948 1289 1006 1323 ne
1054 1274 1268 1323 dicerem
1316 1275 1364 1322 et
1407 1273 1454 1321 in
1505 1273 1598 1322 hoc
1636 1273 1885 1336 psalmum
1926 1285 1999 1322 ex-

197 1361 461 1423 punctum:
496 1360 593 1423 qui
624 1374 848 1409 mecum
881 1374 1082 1424 panem
1115 1359 1237 1408 edit
1266 1358 1500 1407 leuauit
1529 1358 1584 1406 in
1610 1373 1692 1407 me
1719 1358 1997 1422 plantam.

195 1445 388 1507 poterat
434 1446 483 1493 et
529 1444 633 1493 sine
680 1445 896 1508 praemio
942 1444 1087 1494 tradi.
1146 1445 1330 1507 quanta
1376 1442 1505 1492 enim
1555 1458 1701 1506 opera
1745 1442 1998 1492 traditoris

198 1529 327 1578 circa
379 1544 508 1589 eum,
563 1530 648 1592 qui
699 1530 942 1593 populum
997 1543 1158 1578 coram
1214 1527 1463 1577 offendens
1517 1543 1606 1576 nec
1658 1527 1786 1576 tradi
1837 1528 1998 1592 magis

195 1613 444 1677 potuisset
483 1629 631 1677 quam
669 1614 871 1663 inuadi?
914 1613 1000 1663 sed
1039 1614 1131 1662 hoc
1171 1613 1253 1662 aiii
1293 1614 1618 1676 competisset
1650 1612 1864 1673 Christo,
1902 1628 1996 1662 non

197 1698 281 1761 qui
318 1698 604 1762 prophetias
644 1699 962 1764 adimplebat.
1004 1698 1245 1762 scriptum
1285 1701 1362 1747 est
1400 1698 1551 1746 enim:
1599 1713 1697 1762 pro
1746 1712 1806 1747 eo
1848 1697 2000 1760 quod

196 1784 702 1834 uenumdederunt
732 1785 970 1835 iustum.
1004 1800 1114 1833 nam
1141 1787 1190 1832 et
1216 1784 1544 1847 quantitatem
1571 1785 1620 1831 et
1645 1783 1827 1832 exitum
1853 1782 2000 1847 pretii

196 1870 370 1931 postea
419 1869 544 1918 Iuda
594 1869 875 1932 paenitente
927 1869 1149 1938 reuocati
1203 1872 1250 1917 et
1301 1868 1350 1919 in
1398 1868 1698 1931 emptionem
1746 1867 1847 1917 dati
1894 1867 1999 1932 agri

196 1952 354 2016 figuli,
393 1953 524 2002 sicut
560 1954 607 2002 in
663 1954 922 2019 euangelio
969 1953 1159 2003 Mathei
1205 1952 1501 2011 continetur,
1539 1951 1818 2001 Hieremias
1864 1966 1998 2016 prae-

201 2038 352 2086 canit:
402 2040 457 2087 et
503 2042 856 2102 acceperunt
894 2038 1147 2103 triginta
1186 2040 1465 2103 argentea
1503 2037 1759 2101 pretium
1800 2036 1997 2100 adpre-

195 2122 333 2172 tiati
363 2151 429 2158 ——-
463 2124 544 2172 uel
581 2124 806 2173 honorati
844 2153 910 2158 ——-
950 2126 1007 2172 et
1039 2123 1325 2172 dederunt
1365 2137 1433 2172 ea
1465 2123 1521 2170 in
1561 2137 1759 2187 agrum
1799 2121 1994 2187 figuli.

194 2208 447 2271 professus
485 2209 651 2273 itaque
691 2225 743 2259 se
776 2208 1176 2272 concupiscentia
1208 2207 1500 2271 concupisse
1540 2207 1679 2257 edere
1718 2207 1903 2271 pascha
1941 2209 1997 2256 ut

195 2309 359 2354 suum,
385 2321 451 2335 —‹
472 2294 731 2359 indignum
757 2295 902 2355 enim,
922 2296 979 2342 ut
1003 2293 1120 2357 quid
1144 2293 1361 2342 alienum
1388 2292 1758 2356 concupisceret
1783 2291 1903 2341 deus
1930 2321 1995 2326 --

193 2380 453 2442 acceptum
491 2394 668 2443 panem
707 2381 757 2427 et
795 2378 1119 2427 distributum
1159 2377 1420 2441 discipulis
1461 2392 1639 2442 corpus
1673 2392 1820 2426 suum
1850 2377 1994 2425 illum

201 2463 320 2513 fecit
357 2464 461 2514 hoc
502 2467 592 2514 est
630 2479 835 2528 corpus
876 2479 1061 2513 meum
1102 2463 1325 2524 dicendO,
1365 2463 1417 2512 id
1456 2466 1533 2513 est
1570 2462 1746 2528 ‘figura
1777 2462 1994 2526 corporis

338 2575 377 2628 1]
413 2574 463 2618 cf.
496 2574 595 2615 Luc.
629 2575 693 2623 22,
727 2575 763 2615 1.
853 2576 895 2628 3]
928 2575 1029 2616 Lcu.
1061 2574 1129 2623 23,
1161 2576 1199 2616 5.
1301 2574 1344 2626 4]
1379 2574 1479 2615 Luc.
1512 2573 1577 2625 22,
1612 2573 1675 2613 15.
1765 2573 1806 2626 8]
1842 2572 1891 2613 cf.
1925 2573 1992 2614 Es.

156 2612 160 2614 ³
196 2645 262 2697 53,
295 2645 330 2685 7.
395 2645 460 2698 12]
485 2645 555 2688 ΡΞ.
586 2646 654 2698 40,
684 2646 747 2687 10.
807 2646 874 2698 16]
907 2644 998 2686 Am.
1031 2646 1069 2694 2,
1095 2646 1132 2687 6.
1196 2645 1262 2698 19]
1289 2644 1445 2685 Mat-th.
1469 2645 1535 2695 27,
1558 2644 1680 2684 3—8.
1739 2643 1810 2697 20]
1838 2643 1992 2684 Matth.

194 2715 262 2767 27,
294 2716 332 2756 9.
365 2714 417 2756 cf,
450 2715 571 2756 Zach.
606 2716 669 2767 11,
703 2715 879 2756 12-13.
966 2715 1035 2769 25]
1068 2716 1169 2756 Luc.
1201 2714 1267 2764 22,
1303 2715 1367 2755 19.

254 2800 272 2840 1
306 2800 403 2841 sciit
430 2800 607 2853 scripsi:
637 2801 718 2841 scit
746 2800 844 2841 MR
930 2801 954 2840 2
987 2801 1190 2854 figurarat
1219 2799 1395 2852 scripsi:
1430 2801 1584 2852 figurat
1614 2799 1710 2841 MR
1841 2812 1887 2838 ex
1918 2797 1991 2847 RS,

195 2872 237 2910 et
265 2869 383 2912 MR1
454 2872 478 2912 3
512 2871 643 2925 clegit
671 2870 745 2920 R3,
778 2871 895 2924 aegit
924 2871 989 2924 M,
1022 2871 1112 2924 egit
1140 2870 1201 2912 R1
1288 2870 1585 2923 pronuntiarat
1612 2870 1666 2918 R,
1699 2868 1993 2923 pronuntiaret

192 2940 294 2981 MF
368 2942 390 2982 7
423 2942 650 2983 uerbecina
679 2942 745 2994 M,
776 2942 999 2983 ueruecina
1030 2941 1218 2996 Ruulyo
1304 2941 1347 2980 in
1377 2939 1486 2990 MF,
1519 2939 1597 2981 del.
1629 2939 1672 2980 R
1759 2939 1993 2980 delectarat

192 3012 369 3065 scripsi:
403 3012 636 3054 delectaret
665 3013 760 3055 MR
889 3012 1148 3054 delectaret?
1182 3026 1234 3053 an
1263 3011 1395 3064 uulyo
1542 3010 1589 3051 11
1621 3010 1746 3050 tradi.
1778 3023 1829 3050 ne
1860 3010 1991 3061 mdyo

195 3083 246 3123 12
269 3083 433 3124 leuauit
446 3083 556 3124 Lat:
580 3083 744 3124 leuabit
759 3083 855 3125 MR
929 3084 977 3124 17
1006 3082 1371 3124 uenumdederunt
1386 3082 1449 3130 M,
1476 3080 1784 3122 uenumdedere
1802 3080 1990 3134 Ruulyo

193 3155 246 3195 20
277 3157 479 3208 argentea
499 3155 566 3203 M,
600 3157 822 3207 argenteos
845 3154 887 3195 R
947 3154 998 3195 21
1023 3153 1093 3194 uel
1114 3153 1312 3193 honorati
1335 3152 1509 3192 addidit
1538 3151 1836 3192 Tertullianus
1866 3150 1989 3190 dubi-

193 3231 304 3277 tans,
321 3230 370 3266 ut
391 3225 577 3274 uidetur,
597 3239 656 3266 an
677 3230 786 3266 recte
806 3226 1108 3278 interpretetur
1129 3224 1270 3264 mersio
1296 3224 1437 3264 latina
1460 3223 1596 3263 uerba
1615 3227 1685 3261 τοῦ
1709 3220 1989 3275 τετιμημένου,

193 3297 326 3338 deleri
353 3297 495 3337 uoluit
524 3297 630 3338 haec
657 3297 791 3338 uerba
820 3296 922 3349 Lat,
954 3297 1021 3337 uel
1051 3295 1266 3337 honorarii
1295 3303 1407 3347 susp.
1439 3294 1539 3346 Eny
1709 3291 1904 3332 honorati
1933 3291 1988 3343 R,

191 3367 385 3407 honerati
415 3365 516 3414 MF
628 3379 676 3408 ea.
705 3366 769 3418 M,
802 3379 873 3407 eos
903 3366 946 3407 R
1032 3366 1085 3406 24
1116 3379 1244 3407 suum
1267 3365 1387 3405 illum
1417 3364 1470 3416 R,
1501 3363 1620 3404 iilum
1652 3375 1770 3403 suum
1802 3361 1859 3402 M
