2340 3658
17 2377 90 2422 Ad
120 2378 210 2420 Phi
216 2401 232 2407 -

18 2438 236 2492 lipzienses

270 200 381 252 646,
634 197 823 250 Quinti
857 197 1089 253 Septimi
1119 196 1398 241 Florentis
1431 196 1764 239 Tertulliani

269 361 326 409 θῖ
364 358 714 410 neomeniae
755 361 813 409 et
861 358 1119 421 sabbati,
1177 374 1325 424 quae
1374 363 1467 410 est
1512 359 1719 410 umbra
1764 359 2125 423 futurorum,

268 462 487 513 corpus
529 449 729 498 autem
771 446 1020 510 Christi,
1062 447 1184 513 quid
1222 447 1318 499 tibi
1351 448 1571 508 uidetur,
1611 448 1870 499 Marcion?
1912 447 1971 498 de
2010 447 2126 514 lege

266 535 368 586 iam
407 550 505 585 non
545 537 900 597 retractamuS,
940 534 1041 586 nisi
1080 535 1215 601 quod
1254 537 1305 587 et
1343 534 1425 587 hic
1460 535 1891 601 quemadmodum
1924 533 2128 586 exclusa

269 622 349 685 sit,
390 622 585 684 edocet,
643 621 765 674 dum
816 622 1016 674 scilicet
1061 622 1121 674 de
1167 624 1349 675 umbra
1386 623 1691 675 transfertur
1727 624 1779 674 in
1820 638 2022 689 corpuS,
2075 622 2128 673 id

267 712 345 760 est
385 709 445 760 de
485 709 663 778 figuris
697 709 760 760 ad
791 710 1082 771 ueritatem,
1125 709 1260 775 quod
1294 712 1374 762 est
1406 709 1660 763 Christus.
1701 725 1818 777 ergo
1861 712 1910 761 et
1948 709 2128 761 umbra
2178 728 2199 758 5

267 796 395 860 eiUS,
438 798 585 848 cuius
627 800 678 848 et
718 812 918 863 corpus,
958 797 1010 848 id
1050 800 1129 849 est
1174 801 1225 849 et
1261 798 1340 850 lex
1380 799 1507 862 eius,
1546 798 1747 865 <cuius>
1787 800 1838 849 et
1876 796 2128 849 Christus.

267 898 482 950 segrega
521 884 608 934 alii
648 884 739 936 deo
776 884 944 951 legem
986 887 1036 935 et
1067 885 1154 936 alii
1186 886 1279 936 deo
1315 884 1593 950 Christum,
1634 886 1679 937 si
1716 887 1864 952 potes
1906 885 2127 950 aliquam

266 972 499 1022 umbram
540 972 600 1022 ab
643 987 699 1022 eo
743 987 969 1037 corpore,
1013 973 1160 1024 cuius
1199 973 1382 1025 umbra
1419 975 1514 1037 est,
1564 989 1813 1040 separare.
1858 972 2129 1024 manifeste

265 1059 397 1126 legis
427 1061 504 1110 est
533 1058 787 1122 ChristuS,
817 1059 860 1110 si
888 1075 1072 1125 corpus
1101 1063 1181 1111 est
1203 1060 1427 1114 umbrae.
1562 1060 1618 1114 Si
1644 1064 1814 1112 autem
1847 1063 1898 1112 et
1928 1061 2127 1127 aliquos

265 1148 420 1210 taxat,
451 1148 539 1213 qui
566 1164 622 1198 ex
646 1147 937 1200 uisionibus
966 1149 1215 1215 angelicis
1243 1149 1480 1201 dicebant
1504 1149 1631 1201 cibis
1665 1148 2026 1206 abstinendum
2057 1179 2124 1184 ——
2161 1165 2200 1198 10

264 1251 334 1286 ne
368 1236 675 1305 attigeriS,
710 1252 779 1287 ne
815 1237 1169 1303 gustaueris
1194 1267 1265 1273 —-
1293 1238 1523 1289 uolentes
1549 1237 1599 1287 in
1624 1236 1920 1288 humilitate
1946 1252 2128 1289 sensus

264 1323 518 1387 incedere,
552 1340 650 1376 non
675 1327 907 1376 tenentes
943 1327 1112 1391 caput,
1146 1339 1245 1375 non
1277 1324 1392 1376 ideo
1424 1324 1593 1393 legem
1628 1327 1677 1376 et
1698 1324 1914 1392 Moysen
1937 1324 2127 1391 pulsat,

266 1412 413 1478 quasi
476 1411 535 1463 de
600 1413 832 1480 angelica
895 1412 1258 1479 superstitione
1329 1413 1657 1465 constituerit
1716 1412 2129 1463 interdictionem

267 1500 585 1566 quorundam
648 1500 894 1554 edulium.
957 1501 1172 1567 Moysen
1229 1501 1361 1552 enim
1417 1517 1445 1551 a
1500 1501 1590 1553 deo
1647 1501 1907 1567 accepisse
1959 1501 2128 1568 legem

265 1590 481 1640 constat.
524 1589 740 1654 denique
773 1589 904 1640 hanc
945 1590 1268 1656 disciplinam
1308 1621 1378 1626 ——
1418 1589 1747 1640 secundum
1786 1591 2125 1656 praecepta,
2159 1601 2202 1634 15

262 1677 446 1742 inquit,
505 1679 562 1728 et
616 1677 958 1729 doctrinam
1013 1678 1322 1729 hominum
1368 1709 1435 1714 —
1477 1677 1748 1744 deputauit
1783 1677 1834 1728 in
1883 1693 1985 1741 θοε,
2041 1675 2128 1743 qui

265 1767 420 1831 caput
465 1780 563 1816 non
610 1767 858 1828 tenerent,
906 1766 960 1816 id
1001 1768 1080 1817 θεῖ
1117 1767 1307 1832 ipsum,
1362 1765 1414 1817 in
1454 1782 1552 1832 quo
1595 1766 1765 1818 omnia
1801 1766 2131 1816 recensentur

266 1850 335 1922 [in
378 1850 658 1923 Christum]
700 1853 763 1905 ad
802 1853 1008 1905 initium
1047 1857 1306 1918 reuocata,
1355 1854 1509 1905 etiam
1550 1854 1832 1905 differentia
1880 1868 2125 1906 escarum.

267 1941 434 1990 cetera
478 1942 885 2007 praeceptorum,
939 1942 999 1992 ut
1046 1941 1237 2003 eadem,
1295 1941 1418 1993 satis
1469 1941 1538 1993 sit
1580 1941 1682 1992 iam
1730 1940 1852 1992 alibi
1891 1940 2128 1991 docuisse

267 2043 419 2094 quam
461 2044 489 2079 a
529 2030 754 2080 creatore
794 2028 1063 2092 manarint,
1107 2030 1209 2096 qui,
1252 2045 1368 2081 cum
1400 2032 1575 2081 uetera
1606 2028 1919 2096 praedicaret
1948 2027 2129 2080 transi·
2157 2040 2201 2072 20

264 2118 382 2167 tura
420 2131 555 2168 noua
592 2116 823 2167 facturus
863 2117 1121 2181 uniuersa,
1168 2118 1414 2168 mandans
1455 2118 1632 2169 etiam:
1688 2117 1906 2168 nouate
1953 2115 2128 2167 uobis

264 2219 563 2255 nouamen
603 2218 840 2266 nouum,
882 2204 984 2254 iam
1024 2206 1136 2255 tum
1178 2205 1394 2256 docebat
1427 2220 1671 2271 exponere
1702 2206 1930 2256 ueterem
1966 2203 2131 2256 homi-

268 2308 384 2342 nem
426 2293 479 2342 et
517 2308 710 2343 nouum
750 2292 977 2343 induere.

345 2380 427 2430 20.
492 2377 620 2430 Cum
683 2379 1080 2444 praedicationis
1144 2383 1405 2432 enumerat
1465 2380 1785 2442 uarietatem,
1855 2380 1991 2447 quod
2051 2378 2139 2430 alii

269 2482 325 2517 ex
382 2466 571 2518 fiducia
617 2467 942 2518 uinculorum
985 2467 1094 2519 eius
1144 2469 1416 2520 audentius
1465 2485 1747 2521 sermonem
1795 2467 2132 2531 enuntiarent,
2159 2479 2202 2510 2⁵

269 2554 357 2604 alii
420 2570 509 2620 per
569 2554 819 2606 inuidiam
890 2557 942 2606 et
1011 2556 1407 2620 contentionem,
1478 2557 1684 2623 quidam
1754 2572 1873 2608 uero
1937 2558 1987 2607 et
2044 2571 2133 2622 per

415 2726 455 2780 9]
490 2725 542 2768 cf.
578 2724 671 2769 Col.
705 2726 743 2776 2,
773 2725 838 2768 18.
904 2726 973 2781 11]
1001 2725 1092 2770 Col.
1126 2728 1165 2781 2,
1191 2727 1259 2770 21.
1330 2728 1399 2783 12]
1435 2728 1485 2770 cf.
1513 2727 1603 2772 Col.
1630 2729 1669 2781 2,
1697 2727 1878 2772 18-19,
1942 2727 2011 2783 15]
2039 2726 2129 2770 Col.

270 2799 310 2850 2,
343 2799 412 2839 22.
519 2799 592 2853 20]
628 2798 680 2840 cf.
712 2798 786 2840 Es.
820 2800 890 2853 43,
926 2800 999 2851 193
1032 2799 1077 2841 II
1111 2799 1204 2843 Cor.
1239 2800 1279 2852 5,
1313 2800 1381 2843 17.
1494 2802 1566 2856 21]
1601 2801 1719 2844 Hier.
1751 2802 1792 2852 4,
1825 2801 1863 2843 3.
1976 2800 2049 2856 22]
2077 2801 2129 2845 cf.

267 2871 381 2927 Eph.
415 2872 455 2921 4,
489 2872 558 2913 22.
590 2872 658 2914 24.
736 2873 952 2927 24—647,
986 2872 1028 2928 2]
1063 2872 1115 2917 cf.
1146 2871 1260 2915 Phil.
1294 2873 1333 2928 1,
1368 2874 1535 2917 14—17
1570 2873 1806 2917 secundum
1835 2874 2129 2916 recensionem

269 2944 519 2987 Marcionis.

329 3048 353 3090 6
384 3046 453 3088 lex
493 3046 599 3090 Urs.-
630 3047 703 3090 lux
734 3047 834 3089 MR
973 3049 1095 3091 cuius
1129 3049 1291 3091 addidi
1438 3051 1461 3093 7
1495 3064 1680 3106 segrega
1709 3050 1763 3102 R,
1796 3052 2001 3105 segregat
2029 3049 2135 3092 ΜΕ

275 3120 326 3162 13
358 3119 714 3162 interdictionem
746 3121 800 3174 R,
833 3121 1143 3164 interdictione
1175 3122 1241 3173 M,
1273 3122 1319 3164 in
1351 3122 1604 3166 condicione
1634 3123 1684 3166 F
1770 3123 1821 3165 17
1850 3123 1994 3178 ipsum
2015 3123 2131 3165 Iun:

269 3194 314 3234 in
344 3193 488 3248 ipsum
518 3192 618 3235 MR
680 3194 731 3236 18
764 3195 810 3236 in
842 3193 1065 3238 Christum
1096 3196 1255 3238 seclusi
1345 3195 1596 3239 differentia
1626 3196 1802 3251 scripsi:
1832 3194 2129 3239 indifferentia

270 3265 368 3307 MR
456 3265 511 3308 20
543 3268 732 3309 manarit
761 3267 820 3309 M
920 3268 975 3310 22
1009 3281 1220 3322 exponere
1251 3268 1380 3320 MR&
1415 3268 1630 3324 deponere
1662 3268 1723 3311 12³
1737 3268 1871 3324 uuzqo
1961 3269 2017 3310 24
2047 3269 2128 3311 AD

273 3337 682 3382 COLOSSENSES
714 3339 990 3383 EXPLICIT
1021 3341 1082 3382 M
1114 3341 1181 3394 (in
1209 3355 1289 3397 my.
1325 3342 1430 3384 add.
1461 3356 1514 3385 m.
1548 3346 1599 3385 1:
1628 3342 1682 3384 ad
1713 3342 2043 3398 philippenses),
2076 3341 2129 3384 de

272 3410 461 3466 epistola
491 3410 547 3453 ad
577 3411 885 3467 Philippenses
918 3413 996 3455 RF
1093 3413 1148 3457 25
1182 3414 1414 3457 audentius
1445 3415 1499 3468 R,
1532 3415 1782 3457 audientius
1813 3416 1916 3458 ΜΡ
