2248 3646
181 218 281 268 122
551 211 741 264 Quinti
778 210 1011 267 Septimi
1042 210 1322 254 Florentis
1356 210 1694 254 Tertulliani

174 373 336 441 igitur
364 374 462 425 hoc
494 371 854 424 tantummodo
889 370 1084 422 discere
1118 369 1328 433 sufficit,
1370 386 1488 422 cum
1520 370 1758 423 dominus
1789 372 2050 424 hominem

175 442 333 513 saluti
381 460 684 513 destinando
734 475 936 511 carnem
985 457 1271 520 destinarit,
1327 474 1387 509 an
1435 459 1647 510 eandem
1703 459 1833 510 uelit
1886 459 2049 512 denuo

175 565 303 602 esse.
365 566 519 616 quam
581 563 679 599 non
743 546 956 599 debebis
1020 562 1078 597 cx
1139 547 1315 598 futura
1373 547 1720 598 membrorum
1782 548 2051 601 uacatione

173 638 518 703 praescribere
554 636 721 687 denuo
756 650 870 687 esse
902 650 1000 686 non
1040 649 1195 700 posse
1247 633 1374 686 licet
1405 634 1539 685 enim
1580 651 1694 687 esse
1729 635 1853 702 quid
1885 636 2050 689 denuo

174 728 225 776 et
263 724 603 776 nihilominus
653 738 855 775 uacare.
904 737 998 774 nec
1038 724 1214 788 potest
1260 725 1434 774 autern
1483 722 1583 773 dici
1621 739 1822 785 uacare,
1870 724 1914 776 si
1953 741 2048 777 non

173 813 256 864 sit.
303 815 356 864 at
406 812 541 864 enim
590 811 633 863 si
683 811 769 873 sit,
816 810 1009 876 poterit
1056 812 1108 860 et
1153 826 1251 861 non
1299 825 1506 872 uacare;
1555 810 1684 862 nihil
1733 811 1866 863 enim
1914 803 2051 880 apud

173 901 325 952 deum
365 899 589 952 uacabit.

247 989 330 1043 61.
374 988 474 1041 Sed
513 987 778 1054 accepisti,
818 987 992 1048 homo,
1034 1002 1091 1038 os
1132 985 1197 1037 ad
1235 985 1523 1038 uorandum
1556 990 1709 1054 atque
1742 988 2047 1056 potandum:

172 1094 262 1129 cur
293 1092 392 1129 non
427 1076 603 1144 potius
638 1075 700 1126 ad
734 1073 1097 1141 eloquendum,
1139 1077 1199 1125 ut
1231 1090 1258 1125 a
1291 1074 1476 1126 ceteris
1510 1075 1820 1128 animalibus
1855 1076 2047 1129 distes?

171 1181 262 1215 cur
299 1180 397 1215 non
446 1163 622 1230 potius
664 1162 727 1213 ad
773 1161 1176 1229 praedicandum
1225 1162 1396 1225 deum,
1444 1165 1504 1215 ut
1549 1162 1705 1214 etiam
1754 1163 2048 1216 hominibus

170 1252 426 1304 antistes?
477 1250 696 1317 denique
743 1249 909 1301 Adam
964 1251 1080 1301 ante
1135 1249 1343 1301 nomina
1396 1250 1706 1303 animalibus
1763 1252 2052 1303 enuntiauit

169 1355 320 1406 quam
356 1339 415 1390 de
449 1338 627 1390 arbore
654 1337 928 1404 decerpsit,
964 1340 1082 1388 ante
1109 1336 1264 1388 etiam
1291 1338 1626 1405 prophetauit
1651 1355 1804 1405 quam
1830 1341 2049 1394 uorauit.

170 1427 259 1478 sed
293 1426 542 1494 accepisti
569 1425 748 1477 dentes
786 1425 850 1476 ad
880 1424 1159 1476 macellum
1191 1425 1592 1478 corrodendum:
1627 1442 1718 1479 cur
1744 1444 1842 1479 non
1876 1429 2051 1496 potius

171 1515 234 1565 ad
267 1531 469 1566 omnem
498 1514 701 1565 hiatum
735 1516 785 1564 et
816 1514 1007 1564 rictum
1040 1516 1189 1564 tuum
1219 1513 1602 1565 coronandum?
1637 1531 1728 1566 cur
1751 1532 1850 1567 non
1873 1518 2048 1582 potius

171 1602 234 1653 ad
273 1602 457 1668 pulsus
498 1600 706 1669 linguae
754 1600 1134 1667 temperando&
1184 1601 1247 1652 ad
1287 1602 1433 1653 uocis
1475 1602 1722 1654 articulos
1772 1604 2049 1657 offensione

171 1690 484 1758 signandos?
527 1688 744 1756 denique
787 1693 837 1740 et
878 1688 1150 1741 edentulos
1194 1691 1245 1740 et
1278 1690 1397 1741 audi
1439 1694 1490 1741 et
1528 1690 1664 1754 uide,
1705 1701 1764 1743 ut
1801 1691 2047 1745 honorem

171 1779 272 1830 oris
315 1780 366 1830 et
406 1793 655 1845 organum
697 1776 930 1828 dentium
971 1792 1204 1843 quaeras,
1246 1777 1412 1828 forata
1451 1782 1572 1830 sunt
1610 1776 1807 1830 inferna
1845 1780 1896 1832 in
1935 1781 2046 1834 uiro

171 1870 222 1919 et
268 1867 319 1917 in
360 1866 569 1929 femina,
619 1865 861 1916 nimirum
906 1881 1006 1931 qua
1043 1865 1283 1916 libidines
1327 1865 1550 1918 fluitent:
1588 1882 1682 1918 cur
1721 1882 1820 1918 non
1860 1870 2044 1937 magiS,

171 1970 271 2020 qua
311 1954 605 2006 defluxurae
646 1954 916 2004 colentur?
959 1954 1039 2004 est
1077 1952 1247 2004 adhuc
1286 1953 1491 2010 feminis
1523 1954 1683 2019 intus,
1719 1971 1819 2022 quo
1854 1957 2048 2009 semina

171 2045 532 2110 congerantur:
582 2057 642 2092 an
691 2057 791 2107 quo
841 2041 1108 2109 sanguinis
1156 2057 1308 2093 onera
1354 2042 1609 2107 secedant,
1657 2059 1809 2110 quem
1854 2045 2049 2112 pigrior

171 2146 322 2183 sexus
364 2130 623 2186 discutere
663 2146 762 2181 non
805 2128 1032 2180 sufficit?
1081 2129 1297 2181 dicenda
1336 2130 1471 2182 enim
1519 2134 1572 2182 et
1608 2131 1753 2194 haec,
1794 2135 2047 2198 quatenus

171 2234 301 2284 quae
341 2219 529 2270 uolunt
560 2220 611 2269 et
644 2232 864 2283 quorum
896 2217 1082 2269 uolunt
1114 2220 1167 2269 et
1205 2218 1429 2283 qualiter
1459 2220 1645 2270 uoiunt
1685 2219 1854 2272 officia
1890 2237 2047 2273 mem-

169 2307 379 2358 brorum
440 2305 724 2357 ludibriose
788 2305 849 2356 de
909 2305 1165 2358 industria
1226 2306 1597 2359 suffundendae
1657 2309 2047 2361 resurrectionis

170 2395 444 2455 oblatrant,
500 2410 601 2445 non
655 2393 1004 2460 recogitantes
1065 2394 1207 2460 ipsas
1268 2395 1413 2461 prius
1477 2411 1660 2447 causas
1722 2398 2048 2450 necessitatis

170 2485 293 2534 tunc
339 2485 633 2544 uacaturas,
693 2476 796 2533 cibi
843 2482 1051 2544 famem,
1102 2485 1154 2534 et
1205 2485 1361 2550 potus
1418 2483 1579 2547 sitim,
1634 2487 1687 2535 et
1739 2485 2044 2537 concubitus

173 2570 479 2638 genituram,
522 2573 575 2621 et
627 2570 939 2636 operationis
987 2571 1203 2623 uictum.
1252 2571 1458 2623 sublata
1503 2572 1640 2623 enim
1681 2576 1844 2624 morte
1882 2590 2047 2640 neque

170 2659 344 2710 uictus
375 2657 682 2709 fulcimenta
714 2657 776 2708 ad
809 2658 1066 2726 praesidia
1096 2659 1236 2711 uitae
1268 2674 1433 2726 neque
1465 2660 1665 2727 generis
1708 2661 2048 2727 subparatura

173 2745 346 2813 grauis
403 2745 500 2796 erit
545 2745 809 2797 membris.
874 2748 1100 2798 ceterum
1151 2750 1202 2798 et
1254 2746 1408 2799 hodie
1454 2763 1637 2799 uacare
1691 2749 1951 2802 intestinis
1997 2752 2049 2802 et

233 2919 251 2960 1
289 2932 387 2961 cum
426 2919 605 2972 scripsi.-
646 2931 698 2960 an
734 2917 882 2960 PMF
968 2919 993 2961 3
1034 2933 1129 2962 esse
1170 2933 1300 2974 quam
1334 2919 1471 2974 uulyo
1593 2933 1641 2962 ex
1686 2920 1789 2964 Get:
1829 2924 1875 2963 et
1904 2922 2051 2965 PMF

175 2992 226 3034 13
261 2991 415 3034 dentes
448 2991 740 3033 demacellum
771 2991 821 3033 F
886 2991 939 3034 14
970 2994 1095 3034 tuum
1129 3005 1212 3035 om.
1244 2991 1310 3035 R³
1399 2992 1695 3036 coornandum
1733 2993 1771 3036 G
1830 2996 1881 3038 16
1914 2997 2045 3040 eden-

171 3065 288 3107 tulos
325 3064 423 3118 Gel,
456 3064 688 3107 edentulus
712 3064 861 3108 PMF
976 3068 1022 3107 et
1053 3064 1157 3107 andi
1187 3066 1373 3121 scripsi:
1404 3066 1479 3108 sed
1513 3066 1616 3109 audi
1638 3066 1794 3119 PMF,
1826 3083 1921 3112 esse
1944 3070 2046 3112 audi

176 3137 386 3180 Oehlerus
483 3137 691 3180 honorem
724 3137 880 3187 PMR
914 3138 1072 3181 honori
1106 3138 1192 3182 Get
1282 3140 1334 3181 19
1368 3153 1454 3195 qua
1482 3139 1588 3183 Get.-
1617 3142 1669 3183 ut
1689 3141 1750 3183 M
1777 3142 1903 3197 (add.
1933 3157 1967 3186 s.
1999 3158 2043 3187 u.

171 3225 226 3253 m.
251 3214 308 3263 1),
333 3224 416 3254 om.
442 3210 533 3252 PF
678 3210 928 3253 defluxurae
959 3212 1121 3266 scripsi
1142 3214 1215 3266 (z
1241 3211 1553 3267 defluxiones):
1579 3212 1804 3257 defluxura
1824 3214 2045 3271 PMFR2,

174 3284 227 3327 de
266 3284 432 3326 fluxura
469 3283 547 3338 13³,
587 3286 772 3339 potuum
820 3283 995 3326 defruta
1038 3284 1121 3328 Gez
1238 3285 1283 3327 in
1328 3285 1502 3328 feminis
1548 3287 1586 3330 G
1671 3288 1726 3330 22
1773 3291 1820 3330 et
1864 3303 2042 3344 quorum

172 3356 332 3399 uolunt
363 3359 409 3399 et
440 3356 632 3412 qualiter
663 3356 821 3399 uolunt
850 3356 963 3409 MF,
1006 3360 1051 3400 et
1089 3358 1278 3415 qualiter
1317 3358 1474 3401 uolunt
1514 3363 1558 3402 et
1597 3374 1778 3414 quorum
1817 3362 1975 3405 uolunt
2003 3363 2047 3405 P

171 3428 309 3485 uulyo
399 3430 453 3472 27
487 3429 772 3485 subparitura
801 3429 905 3473 PR¹

2083 1180 2123 1211 10

2083 1618 2123 1651 15

2077 2500 2118 2531 25
