2248 3646
75 1215 114 1246 10

74 1641 112 1672 15

74 2069 114 2101 20

72 2496 112 2528 25

531 272 585 313 ΙΙ.
619 273 689 313 De
722 272 904 314 Carnis
936 272 1345 313 Resurrectione
1378 271 1556 312 31—32.
1889 274 1948 322 71

148 429 299 480 rectio
341 428 488 478 etiam
531 427 879 477 deuoratorum
921 442 1197 492 corporum,
1241 442 1351 476 cum
1393 428 1451 476 de
1489 427 1612 491 ipsis
1653 427 1952 477 deuoratori-

148 515 239 564 bus
281 513 466 563 exactio
507 512 731 562 edicitur.
772 518 893 576 puto
935 504 1100 561 autem
1149 512 1299 560 huius
1342 527 1538 577 quoque
1585 512 1778 562 diuinae
1818 516 1952 575 pote-

151 600 292 650 statis
328 599 679 648 documentum
713 597 943 646 idoneum
978 598 1167 656 Ionam,
1194 613 1303 647 cum
1339 599 1659 662 incorruptus
1691 601 1955 661 utramque

149 683 495 743 substantiam,
537 698 731 732 carnem
771 684 919 747 atque
961 683 1191 742 animam,
1239 682 1296 731 de
1337 683 1450 732 aluo
1489 682 1643 746 piscis
1685 682 1950 741 euoluitur,

148 800 213 804 —
233 772 281 818 et
303 769 477 832 utique
496 768 658 817 triduo
680 768 1058 832 concoquendae
1079 768 1209 817 carni
1227 769 1380 832 <tam>
1397 768 1592 817 uiscera
1610 768 1707 818 ceti
1732 768 1952 817 suffecis-

149 858 257 904 sent
297 869 442 917 quam
477 854 725 917 capulum,
768 868 915 916 quam
949 855 1251 918 sepulcrum,
1295 868 1442 918 quam
1475 853 1666 902 senium
1701 853 1951 916 requietae

147 943 291 1003 atque
334 939 556 988 conditae
590 939 801 987 alicuius
836 939 1135 1002 sepulturae,
1169 968 1233 973 --
1269 939 1408 988 saluo
1444 954 1514 997 eo,
1550 939 1680 1002 quod
1713 942 1762 988 et
1791 939 1952 988 bestia

145 1025 272 1073 feros
319 1024 367 1072 in
416 1023 751 1074 Christianum
800 1023 879 1071 uel
927 1024 1137 1073 maxime
1185 1039 1361 1073 nomen
1408 1024 1633 1072 homines
1687 1023 1768 1072 uel
1815 1024 1950 1087 ipsos

146 1110 293 1159 etiam
332 1108 613 1171 iniquitatis
648 1107 850 1171 angelos
882 1107 1134 1172 figurauit,
1177 1108 1235 1157 de
1269 1108 1450 1171 quibus
1492 1109 1697 1172 sanguis
1731 1108 1952 1173 exigetur

144 1210 229 1258 per
280 1193 520 1242 ultionem
572 1193 892 1258 pensandam.
948 1194 1058 1255 quis
1114 1208 1228 1258 ergo
1286 1193 1507 1243 discendi
1560 1194 1720 1257 magis
1776 1192 1949 1243 adfinis

145 1295 289 1344 quam
335 1277 686 1343 praesumendi
734 1283 783 1326 et
828 1278 1057 1327 credendi
1105 1278 1391 1344 diligentior
1430 1294 1575 1342 quam
1625 1278 1951 1327 contendendi

144 1370 191 1414 et
230 1366 424 1414 diuinae
463 1365 630 1429 potius
672 1364 943 1427 sapientiae
982 1365 1248 1430 religiosus
1290 1380 1436 1427 quam
1479 1379 1596 1413 suae
1634 1364 1948 1424 libidinosuS,

143 1450 346 1499 audiens
387 1449 572 1513 aliquid
607 1464 633 1497 a
666 1449 754 1498 deo
797 1449 1099 1498 destinatum
1132 1450 1180 1498 in
1214 1465 1381 1498 carnes
1416 1452 1465 1498 et
1505 1452 1644 1499 cutes
1685 1452 1734 1499 et
1771 1464 1948 1498 neruos

144 1538 192 1586 et
230 1551 357 1595 ossa,
399 1535 532 1584 aliud
575 1535 693 1598 quid
731 1535 851 1584 liaec
894 1536 1329 1595 commentabitur,
1378 1535 1519 1600 quasi
1564 1551 1658 1584 non
1704 1535 1752 1584 in
1793 1534 1948 1583 homi-

142 1637 251 1669 nem
314 1621 590 1669 destinetur
644 1620 772 1683 quod
825 1620 873 1668 in
925 1620 1050 1670 istas
1106 1621 1414 1670 substantias
1468 1620 1812 1686 praedicatur}>
1866 1622 1951 1670 aut

143 1705 269 1754 enim
310 1705 433 1754 nihil
471 1706 519 1754 in
559 1705 809 1755 hominem
852 1705 1144 1765 destinatur,
1194 1721 1284 1756 non
1332 1706 1606 1755 liberalitas
1653 1705 1807 1769 regni,
1854 1720 1948 1753 non

143 1790 381 1840 seueritas
435 1789 625 1849 iudicii,
672 1805 767 1838 non
816 1790 1164 1854 quodcumque
1213 1793 1289 1840 est
1326 1791 1639 1849 resurrectio,
1682 1793 1766 1839 aut
1812 1791 1854 1839 si
1899 1790 1946 1840 in

142 1875 388 1925 hominem
425 1875 716 1935 destinatur,
758 1891 959 1925 necesse
1000 1878 1077 1925 est
1107 1877 1154 1924 in
1196 1892 1277 1925 eas
1312 1876 1619 1925 substantias
1654 1875 1946 1935 destinetur,

145 1976 200 2010 ex
240 1961 419 2024 quibus
454 1961 599 2011 homo
640 1963 862 2010 structus
897 1964 987 2020 est,
1027 1962 1075 2011 in
1103 1954 1263 2025 'quem
1304 1962 1594 2012 destinatur.
1633 1961 1759 2010 illud
1798 1961 1947 2011 etiam

145 2046 202 2095 de
256 2046 592 2111 argutissimis
645 2045 756 2096 istis
809 2046 1209 2096 demutatoribus
1263 2061 1469 2096 ossuum
1525 2049 1574 2095 et
1626 2047 1843 2096 carnium
1900 2048 1948 2096 et

143 2146 405 2180 neruorum
447 2134 495 2181 et
533 2131 876 2195 sepulcrorum
915 2131 1129 2195 requiro,
1179 2147 1280 2192 cur,
1329 2132 1370 2181 si
1411 2132 1605 2194 quando
1645 2132 1693 2181 in
1733 2131 1945 2180 animam

145 2217 261 2279 quid
293 2217 656 2282 pronuntiatur,
690 2217 813 2266 nihil
840 2217 973 2266 aliud
1008 2218 1221 2266 animam
1253 2218 1639 2282 interpretantur
1671 2232 1758 2266 nec
1790 2221 1946 2266 trans-

143 2302 335 2368 fingunt
375 2318 479 2351 eam
512 2304 559 2351 in
602 2302 805 2352 alterius
838 2303 907 2351 rei
939 2305 1304 2366 argumentum,
1346 2319 1459 2352 cum
1490 2318 1608 2352 uero
1641 2303 1688 2351 in
1729 2303 1946 2366 aliquam

144 2388 355 2451 speciem
406 2388 707 2451 corporalem
763 2387 878 2451 quid
933 2388 1158 2448 edicitur,
1214 2389 1378 2437 omnia
1428 2388 1597 2453 potius
1654 2388 1948 2437 adseuerant

142 2488 287 2536 quam
328 2473 459 2536 quod
504 2474 818 2522 nominatur?
868 2474 908 2522 si
957 2474 1230 2537 corporalia
1274 2474 1549 2537 parabolae,
1597 2489 1711 2538 ergo
1760 2476 1808 2522 et
1847 2474 1944 2522 ani-

141 2558 303 2617 malia,
345 2558 386 2607 si
426 2573 518 2607 non
561 2560 610 2607 et
647 2558 891 2616 animalia,
936 2574 1048 2623 ergo
1089 2574 1177 2608 nec
1218 2559 1502 2623 corporalia.
1535 2562 1636 2608 tam
1678 2558 1805 2607 enim
1847 2573 1945 2618 cor-

141 2658 233 2707 pus
266 2643 411 2692 homo
446 2658 592 2706 quam
635 2646 683 2692 et
720 2644 903 2703 anima3
945 2647 1001 2692 ut
1039 2660 1132 2694 non
1164 2644 1326 2708 possit
1356 2645 1511 2694 altera
1543 2644 1732 2708 species
1766 2643 1942 2692 admit-

140 2730 242 2777 tere
281 2728 577 2794 aenigmata,
617 2730 771 2778 altera
809 2730 1079 2778 excludere.

281 2878 322 2931 4]
357 2878 408 2919 cf.
438 2878 526 2919 Ion.
560 2879 597 2932 2,
631 2879 695 2920 11.
785 2878 824 2932 5]
859 2879 910 2920 cf.
943 2879 1034 2920 Ion.
1068 2881 1103 2927 2,
1141 2881 1176 2921 1.

198 2963 221 3004 3
252 2967 473 3017 utramque
504 2964 787 3005 substantiam
818 2965 927 3014 MF,
960 2969 1137 3018 utraque
1169 2966 1408 3007 substantia
1437 2965 1478 3006 P
1562 2967 1588 3007 4
1620 2979 1785 3008 carnem
1817 2968 1943 3019 atque

142 3034 322 3075 animam
366 3034 476 3088 MF,
530 3049 651 3076 carne
705 3039 833 3090 atque
887 3037 1027 3078 anima
1072 3037 1112 3077 P
1247 3038 1374 3090 piscis
1419 3038 1475 3078 M
1524 3036 1704 3090 (bestiae
1750 3050 1782 3077 s.
1826 3050 1868 3077 u.
1918 3050 1945 3077 a

140 3119 191 3145 m.
239 3107 283 3156 2)
399 3106 608 3147 euomitur
637 3106 729 3147 Lat
815 3109 838 3147 5
868 3108 1149 3159 parenthesin
1178 3108 1380 3149 indicaui
1521 3108 1667 3162 utique
1692 3108 1743 3159 P,
1775 3108 1943 3161 utrique

142 3176 240 3216 MF
335 3175 475 3217 triduo
507 3176 558 3229 P,
589 3176 776 3218 triduum
804 3178 904 3218 MF
1001 3182 1089 3218 tam
1123 3179 1278 3219 addidi
1366 3180 1387 3219 7
1416 3178 1610 3220 conditae
1645 3180 1689 3230 (a
1715 3178 1946 3219 condiendi

140 3247 268 3287 uerbo
305 3247 481 3298 scilicet)
521 3247 666 3296 PMF,
708 3248 950 3289 reconditae
995 3248 1073 3290 Gez
1109 3249 1267 3303 reliqui
1381 3248 1523 3290 bestia
1565 3249 1740 3301 scripsi.-
1784 3249 1944 3289 bestias

141 3317 284 3359 PMF
386 3318 410 3358 8
441 3318 622 3360 hominis
653 3318 756 3360 ΡΗ1
845 3320 893 3360 13
927 3332 1048 3360 carne
1080 3320 1153 3361 sed
1184 3320 1242 3360 M
1324 3321 1378 3361 20
1410 3321 1563 3361 ossium
1596 3320 1637 3361 R
1725 3320 1776 3360 22
1809 3322 1942 3361 trans-

140 3386 306 3441 fingunt
335 3388 482 3438 PMF,
514 3389 770 3442 transfigunt
800 3390 853 3442 R,
885 3390 1189 3444 transfigurant
1222 3391 1302 3431 Gez
