<?xml version="1.0" encoding="UTF-8"?>
<!DOCTYPE html PUBLIC "-//W3C//DTD XHTML 1.0 Transitional//EN"
    "http://www.w3.org/TR/xhtml1/DTD/xhtml1-transitional.dtd">
<html xmlns="http://www.w3.org/1999/xhtml" xml:lang="en" lang="en">
 <head>
  <title>
</title>
<meta http-equiv="Content-Type" content="text/html;charset=utf-8" />
  <meta name='ocr-system' content='tesseract 3.04.00' />
  <meta name='ocr-capabilities' content='ocr_page ocr_carea ocr_par ocr_line ocrx_word'/>
</head>
<body>
  <div class='ocr_page' id='page_1' title='image "./quintiseptimiflo47tertuoft_0433.png"; bbox 0 0 2248 3646; ppageno 0'>
   <div class='ocr_carea' id='block_1_1' title="bbox 119 1151 153 1177">
    <p class='ocr_par' dir='ltr' id='par_1_1' title="bbox 119 1151 153 1177">
     <span class='ocr_line' id='line_1_1' title="bbox 119 1151 153 1177; baseline -0.029 0"><span class='ocrx_word' id='word_1_1' title='bbox 119 1151 153 1177; x_wconf 68' lang='lat'>1⁴·</span> 
     </span>
    </p>
   </div>
   <div class='ocr_carea' id='block_1_2' title="bbox 116 1571 154 1602">
    <p class='ocr_par' dir='ltr' id='par_1_2' title="bbox 116 1571 154 1602">
     <span class='ocr_line' id='line_1_2' title="bbox 116 1571 154 1602; baseline 0 0"><span class='ocrx_word' id='word_1_2' title='bbox 116 1571 154 1602; x_wconf 84' lang='lat'>15</span> 
     </span>
    </p>
   </div>
   <div class='ocr_carea' id='block_1_3' title="bbox 113 1998 153 2027">
    <p class='ocr_par' dir='ltr' id='par_1_3' title="bbox 113 1998 153 2027">
     <span class='ocr_line' id='line_1_3' title="bbox 113 1998 153 2027; baseline 0 0"><span class='ocrx_word' id='word_1_3' title='bbox 113 1998 153 2027; x_wconf 78' lang='lat'>20</span> 
     </span>
    </p>
   </div>
   <div class='ocr_carea' id='block_1_4' title="bbox 533 214 1989 267">
    <p class='ocr_par' dir='ltr' id='par_1_4' title="bbox 533 214 1989 267">
     <span class='ocr_line' id='line_1_4' title="bbox 533 214 1989 267; baseline -0.001 -9"><span class='ocrx_word' id='word_1_4' title='bbox 533 217 626 260; x_wconf 80' lang='lat' dir='ltr'><strong>VII.</strong></span> <span class='ocrx_word' id='word_1_5' title='bbox 658 217 922 258; x_wconf 80' lang='lat' dir='ltr'>Aduersus</span> <span class='ocrx_word' id='word_1_6' title='bbox 954 217 1267 257; x_wconf 79' lang='lat' dir='ltr'>Marcionem</span> <span class='ocrx_word' id='word_1_7' title='bbox 1298 215 1371 259; x_wconf 81' lang='lat' dir='ltr'>lib.</span> <span class='ocrx_word' id='word_1_8' title='bbox 1404 214 1650 258; x_wconf 80' lang='lat'>1119-11.</span> <span class='ocrx_word' id='word_1_9' title='bbox 1887 218 1989 267; x_wconf 80' lang='grc'>393</span> 
     </span>
    </p>
   </div>
   <div class='ocr_carea' id='block_1_5' title="bbox 179 371 1990 2390">
    <p class='ocr_par' dir='ltr' id='par_1_5' title="bbox 188 371 1990 945">
     <span class='ocr_line' id='line_1_5' title="bbox 190 371 1984 438; baseline -0.001 -17"><span class='ocrx_word' id='word_1_10' title='bbox 190 375 453 438; x_wconf 81' lang='lat' dir='ltr'>potestatis</span> <span class='ocrx_word' id='word_1_11' title='bbox 501 373 769 422; x_wconf 88' lang='lat' dir='ltr'>ostendunt</span> <span class='ocrx_word' id='word_1_12' title='bbox 813 372 958 421; x_wconf 89' lang='lat' dir='ltr'>deum</span> <span class='ocrx_word' id='word_1_13' title='bbox 1004 387 1096 420; x_wconf 89' lang='lat' dir='ltr'>non</span> <span class='ocrx_word' id='word_1_14' title='bbox 1145 371 1341 437; x_wconf 80' lang='lat' dir='ltr'>eguisse</span> <span class='ocrx_word' id='word_1_15' title='bbox 1387 372 1473 419; x_wconf 85' lang='lat' dir='ltr'>aut</span> <span class='ocrx_word' id='word_1_16' title='bbox 1517 371 1669 419; x_wconf 82' lang='lat' dir='ltr'>falsae</span> <span class='ocrx_word' id='word_1_17' title='bbox 1715 373 1801 420; x_wconf 85' lang='lat' dir='ltr'>aut</span> <span class='ocrx_word' id='word_1_18' title='bbox 1839 371 1984 420; x_wconf 85' lang='lat' dir='ltr'>etiam</span> 
     </span>
     <span class='ocr_line' id='line_1_6' title="bbox 191 455 1990 521; baseline -0.002 -13"><span class='ocrx_word' id='word_1_19' title='bbox 191 475 334 508; x_wconf 87' lang='lat' dir='ltr'>uerae</span> <span class='ocrx_word' id='word_1_20' title='bbox 374 459 529 508; x_wconf 89' lang='lat' dir='ltr'>carnis</span> <span class='ocrx_word' id='word_1_21' title='bbox 569 461 839 521; x_wconf 86' lang='lat' dir='ltr'>paraturae.</span> <span class='ocrx_word' id='word_1_22' title='bbox 879 459 1094 506; x_wconf 85' lang='lat' dir='ltr'>ceterum</span> <span class='ocrx_word' id='word_1_23' title='bbox 1129 456 1170 504; x_wconf 89' lang='lat' dir='ltr'>si</span> <span class='ocrx_word' id='word_1_24' title='bbox 1203 455 1263 503; x_wconf 86' lang='lat' dir='ltr'>ad</span> <span class='ocrx_word' id='word_1_25' title='bbox 1295 458 1482 504; x_wconf 88' lang='lat' dir='ltr'>certum</span> <span class='ocrx_word' id='word_1_26' title='bbox 1522 458 1822 518; x_wconf 60' lang='lat' dir='ltr'>spectzrmm,</span> <span class='ocrx_word' id='word_1_27' title='bbox 1854 457 1990 506; x_wconf 85' lang='lat' dir='ltr'>nulla</span> 
     </span>
     <span class='ocr_line' id='line_1_7' title="bbox 191 539 1987 606; baseline -0.003 -13"><span class='ocrx_word' id='word_1_28' title='bbox 191 543 471 593; x_wconf 82' lang='lat' dir='ltr'>substantia</span> <span class='ocrx_word' id='word_1_29' title='bbox 507 542 651 606; x_wconf 81' lang='lat' dir='ltr'>digna</span> <span class='ocrx_word' id='word_1_30' title='bbox 685 544 776 600; x_wconf 75' lang='lat' dir='ltr'>est,</span> <span class='ocrx_word' id='word_1_31' title='bbox 809 556 954 604; x_wconf 87' lang='lat' dir='ltr'>quam</span> <span class='ocrx_word' id='word_1_32' title='bbox 995 541 1117 589; x_wconf 89' lang='lat' dir='ltr'>deus</span> <span class='ocrx_word' id='word_1_33' title='bbox 1147 539 1336 589; x_wconf 89' lang='lat' dir='ltr'>induat.</span> <span class='ocrx_word' id='word_1_34' title='bbox 1378 539 1724 603; x_wconf 88' lang='lat' dir='ltr'>quodcumque</span> <span class='ocrx_word' id='word_1_35' title='bbox 1755 540 1987 598; x_wconf 72' lang='lat' dir='ltr'>induerit,</span> 
     </span>
     <span class='ocr_line' id='line_1_8' title="bbox 188 624 1988 691; baseline -0.002 -14"><span class='ocrx_word' id='word_1_36' title='bbox 188 629 293 691; x_wconf 87' lang='lat' dir='ltr'>ipse</span> <span class='ocrx_word' id='word_1_37' title='bbox 334 627 539 691; x_wconf 78' lang='lat' dir='ltr'>dignum</span> <span class='ocrx_word' id='word_1_38' title='bbox 576 627 712 682; x_wconf 74' lang='lat' dir='ltr'>facit,</span> <span class='ocrx_word' id='word_1_39' title='bbox 752 626 937 688; x_wconf 80' lang='lat' dir='ltr'>absque</span> <span class='ocrx_word' id='word_1_40' title='bbox 975 625 1230 674; x_wconf 89' lang='lat' dir='ltr'>mendacio</span> <span class='ocrx_word' id='word_1_41' title='bbox 1269 627 1449 673; x_wconf 89' lang='lat' dir='ltr'>tamen.</span> <span class='ocrx_word' id='word_1_42' title='bbox 1490 627 1538 673; x_wconf 91' lang='lat' dir='ltr'>et</span> <span class='ocrx_word' id='word_1_43' title='bbox 1575 624 1684 674; x_wconf 89' lang='lat' dir='ltr'>ideo</span> <span class='ocrx_word' id='word_1_44' title='bbox 1725 625 1865 689; x_wconf 85' lang='lat' dir='ltr'>quale</span> <span class='ocrx_word' id='word_1_45' title='bbox 1899 629 1988 686; x_wconf 81' lang='lat' dir='ltr'>est,</span> 
     </span>
     <span class='ocr_line' id='line_1_9' title="bbox 191 708 1986 771; baseline -0.001 -11"><span class='ocrx_word' id='word_1_46' title='bbox 191 715 247 761; x_wconf 91' lang='lat' dir='ltr'>ut</span> <span class='ocrx_word' id='word_1_47' title='bbox 299 712 511 760; x_wconf 76' lang='lat' dir='ltr'>dedecus</span> <span class='ocrx_word' id='word_1_48' title='bbox 572 709 866 759; x_wconf 75' lang='lat' dir='ltr'>existimarit</span> <span class='ocrx_word' id='word_1_49' title='bbox 923 708 1185 758; x_wconf 85' lang='lat' dir='ltr'>ueritatem</span> <span class='ocrx_word' id='word_1_50' title='bbox 1245 708 1411 771; x_wconf 87' lang='lat' dir='ltr'>potius</span> <span class='ocrx_word' id='word_1_51' title='bbox 1470 723 1618 771; x_wconf 87' lang='lat' dir='ltr'>quam</span> <span class='ocrx_word' id='word_1_52' title='bbox 1677 709 1986 759; x_wconf 82' lang='lat' dir='ltr'>mendacium</span> 
     </span>
     <span class='ocr_line' id='line_1_10' title="bbox 189 793 1986 858; baseline -0.002 -12"><span class='ocrx_word' id='word_1_53' title='bbox 189 798 380 846; x_wconf 74' lang='lat' dir='ltr'>carnis?</span> <span class='ocrx_word' id='word_1_54' title='bbox 421 796 590 858; x_wconf 83' lang='lat' dir='ltr'>atquin</span> <span class='ocrx_word' id='word_1_55' title='bbox 630 795 894 844; x_wconf 89' lang='lat' dir='ltr'>honorauit</span> <span class='ocrx_word' id='word_1_56' title='bbox 930 794 1068 842; x_wconf 86' lang='lat' dir='ltr'>illam</span> <span class='ocrx_word' id='word_1_57' title='bbox 1106 793 1350 857; x_wconf 81' lang='lat' dir='ltr'>fingendo,</span> <span class='ocrx_word' id='word_1_58' title='bbox 1393 796 1576 856; x_wconf 84' lang='lat' dir='ltr'>quanta</span> <span class='ocrx_word' id='word_1_59' title='bbox 1613 794 1711 842; x_wconf 88' lang='lat' dir='ltr'>iam</span> <span class='ocrx_word' id='word_1_60' title='bbox 1751 810 1860 843; x_wconf 89' lang='lat' dir='ltr'>caro</span> <span class='ocrx_word' id='word_1_61' title='bbox 1895 798 1986 854; x_wconf 81' lang='lat' dir='ltr'>est,</span> 
     </span>
     <span class='ocr_line' id='line_1_11' title="bbox 190 878 1602 945; baseline -0.003 -14"><span class='ocrx_word' id='word_1_62' title='bbox 190 883 329 932; x_wconf 86' lang='lat' dir='ltr'>cuius</span> <span class='ocrx_word' id='word_1_63' title='bbox 369 883 664 945; x_wconf 73' lang='lat' dir='ltr'>phantasma</span> <span class='ocrx_word' id='word_1_64' title='bbox 701 880 1037 929; x_wconf 79' lang='lat' dir='ltr'>necessarium</span> <span class='ocrx_word' id='word_1_65' title='bbox 1076 878 1173 927; x_wconf 88' lang='lat' dir='ltr'>fuit</span> <span class='ocrx_word' id='word_1_66' title='bbox 1212 878 1299 927; x_wconf 88' lang='lat' dir='ltr'>deo</span> <span class='ocrx_word' id='word_1_67' title='bbox 1341 878 1602 942; x_wconf 80' lang='lat' dir='ltr'>superiori!</span> 
     </span>
    </p>

    <p class='ocr_par' dir='ltr' id='par_1_6' title="bbox 179 962 1987 2390">
     <span class='ocr_line' id='line_1_12' title="bbox 261 962 1987 1029; baseline -0.001 -14"><span class='ocrx_word' id='word_1_68' title='bbox 261 969 339 1015; x_wconf 88' lang='lat'>11.</span> <span class='ocrx_word' id='word_1_69' title='bbox 378 966 527 1015; x_wconf 78' lang='lat' dir='ltr'>Totas</span> <span class='ocrx_word' id='word_1_70' title='bbox 566 966 689 1014; x_wconf 83' lang='lat' dir='ltr'>istas</span> <span class='ocrx_word' id='word_1_71' title='bbox 728 964 1023 1029; x_wconf 81' lang='lat' dir='ltr'>praestigias</span> <span class='ocrx_word' id='word_1_72' title='bbox 1054 964 1310 1027; x_wconf 86' lang='lat' dir='ltr'>putatiuae</span> <span class='ocrx_word' id='word_1_73' title='bbox 1341 963 1389 1011; x_wconf 91' lang='lat' dir='ltr'>in</span> <span class='ocrx_word' id='word_1_74' title='bbox 1423 962 1620 1014; x_wconf 88' lang='lat' dir='ltr'>Christo</span> <span class='ocrx_word' id='word_1_75' title='bbox 1653 964 1987 1028; x_wconf 71' lang='lat' dir='ltr'>corpulentiae</span> 
     </span>
     <span class='ocr_line' id='line_1_13' title="bbox 186 1048 1986 1112; baseline -0.002 -11"><span class='ocrx_word' id='word_1_76' title='bbox 186 1053 404 1101; x_wconf 85' lang='lat' dir='ltr'>Marcion</span> <span class='ocrx_word' id='word_1_77' title='bbox 441 1051 528 1100; x_wconf 85' lang='lat' dir='ltr'>illa</span> <span class='ocrx_word' id='word_1_78' title='bbox 565 1050 838 1101; x_wconf 84' lang='lat' dir='ltr'>intentione</span> <span class='ocrx_word' id='word_1_79' title='bbox 879 1049 1116 1112; x_wconf 74' lang='lat' dir='ltr'>suscepit.</span> <span class='ocrx_word' id='word_1_80' title='bbox 1164 1064 1222 1097; x_wconf 89' lang='lat' dir='ltr'>ne</span> <span class='ocrx_word' id='word_1_81' title='bbox 1262 1064 1315 1097; x_wconf 76' lang='lat' dir='ltr'>ex</span> <span class='ocrx_word' id='word_1_82' title='bbox 1354 1048 1639 1097; x_wconf 87' lang='lat' dir='ltr'>testimonio</span> <span class='ocrx_word' id='word_1_83' title='bbox 1679 1049 1986 1098; x_wconf 86' lang='lat' dir='ltr'>substantiae</span> 
     </span>
     <span class='ocr_line' id='line_1_14' title="bbox 186 1132 1985 1198; baseline -0.002 -12"><span class='ocrx_word' id='word_1_84' title='bbox 186 1138 429 1186; x_wconf 86' lang='lat' dir='ltr'>humanae</span> <span class='ocrx_word' id='word_1_85' title='bbox 468 1136 705 1185; x_wconf 86' lang='lat' dir='ltr'>natiuitas</span> <span class='ocrx_word' id='word_1_86' title='bbox 740 1148 935 1198; x_wconf 85' lang='lat' dir='ltr'>quoque</span> <span class='ocrx_word' id='word_1_87' title='bbox 967 1134 1072 1183; x_wconf 88' lang='lat' dir='ltr'>eius</span> <span class='ocrx_word' id='word_1_88' title='bbox 1106 1133 1447 1182; x_wconf 69' lang='lat' dir='ltr'>defenderetur</span> <span class='ocrx_word' id='word_1_89' title='bbox 1478 1135 1624 1196; x_wconf 84' lang='lat' dir='ltr'>atque</span> <span class='ocrx_word' id='word_1_90' title='bbox 1656 1134 1727 1182; x_wconf 85' lang='lat' dir='ltr'>ita</span> <span class='ocrx_word' id='word_1_91' title='bbox 1758 1132 1985 1183; x_wconf 87' lang='lat' dir='ltr'>Christus</span> 
     </span>
     <span class='ocr_line' id='line_1_15' title="bbox 187 1218 1984 1282; baseline -0.002 -11"><span class='ocrx_word' id='word_1_92' title='bbox 187 1222 420 1271; x_wconf 63' lang='lat' dir='ltr'>creatoris</span> <span class='ocrx_word' id='word_1_93' title='bbox 472 1220 821 1278; x_wconf 76' lang='lat' dir='ltr'>uindicaretur‚</span> <span class='ocrx_word' id='word_1_94' title='bbox 875 1222 932 1268; x_wconf 86' lang='lat' dir='ltr'>ut</span> <span class='ocrx_word' id='word_1_95' title='bbox 984 1219 1067 1282; x_wconf 87' lang='lat' dir='ltr'>qui</span> <span class='ocrx_word' id='word_1_96' title='bbox 1112 1218 1366 1268; x_wconf 88' lang='lat' dir='ltr'>nascibilis</span> <span class='ocrx_word' id='word_1_97' title='bbox 1414 1234 1468 1267; x_wconf 88' lang='lat' dir='ltr'>ac</span> <span class='ocrx_word' id='word_1_98' title='bbox 1511 1233 1598 1282; x_wconf 89' lang='lat' dir='ltr'>per</span> <span class='ocrx_word' id='word_1_99' title='bbox 1642 1219 1735 1268; x_wconf 89' lang='lat' dir='ltr'>hoc</span> <span class='ocrx_word' id='word_1_100' title='bbox 1780 1233 1984 1268; x_wconf 87' lang='lat' dir='ltr'>carneus</span> 
     </span>
     <span class='ocr_line' id='line_1_16' title="bbox 187 1304 1984 1367; baseline -0.002 -11"><span class='ocrx_word' id='word_1_101' title='bbox 187 1307 572 1356; x_wconf 88' lang='lat' dir='ltr'>adnuntiaretur.</span> <span class='ocrx_word' id='word_1_102' title='bbox 613 1306 911 1355; x_wconf 74' lang='lat' dir='ltr'>stultissime</span> <span class='ocrx_word' id='word_1_103' title='bbox 952 1309 1001 1353; x_wconf 88' lang='lat' dir='ltr'>et</span> <span class='ocrx_word' id='word_1_104' title='bbox 1036 1304 1117 1353; x_wconf 87' lang='lat' dir='ltr'>hic</span> <span class='ocrx_word' id='word_1_105' title='bbox 1154 1304 1416 1353; x_wconf 89' lang='lat' dir='ltr'>Ponticus:</span> <span class='ocrx_word' id='word_1_106' title='bbox 1463 1304 1604 1367; x_wconf 86' lang='lat' dir='ltr'>quasi</span> <span class='ocrx_word' id='word_1_107' title='bbox 1649 1319 1744 1353; x_wconf 90' lang='lat' dir='ltr'>non</span> <span class='ocrx_word' id='word_1_108' title='bbox 1788 1304 1984 1354; x_wconf 87' lang='lat' dir='ltr'>facilius</span> 
     </span>
     <span class='ocr_line' id='line_1_17' title="bbox 186 1389 1984 1453; baseline -0.001 -13"><span class='ocrx_word' id='word_1_109' title='bbox 186 1391 467 1441; x_wconf 82' lang='lat' dir='ltr'>crederetur</span> <span class='ocrx_word' id='word_1_110' title='bbox 509 1391 558 1440; x_wconf 89' lang='lat' dir='ltr'>in</span> <span class='ocrx_word' id='word_1_111' title='bbox 605 1390 693 1440; x_wconf 90' lang='lat' dir='ltr'>deo</span> <span class='ocrx_word' id='word_1_112' title='bbox 742 1405 851 1439; x_wconf 82' lang='lat' dir='ltr'>caro</span> <span class='ocrx_word' id='word_1_113' title='bbox 891 1405 984 1439; x_wconf 89' lang='lat' dir='ltr'>non</span> <span class='ocrx_word' id='word_1_114' title='bbox 1025 1393 1137 1438; x_wconf 89' lang='lat' dir='ltr'>nata</span> <span class='ocrx_word' id='word_1_115' title='bbox 1177 1405 1322 1453; x_wconf 88' lang='lat' dir='ltr'>quam</span> <span class='ocrx_word' id='word_1_116' title='bbox 1369 1389 1510 1450; x_wconf 75' lang='lat' dir='ltr'>falsa,</span> <span class='ocrx_word' id='word_1_117' title='bbox 1555 1390 1984 1452; x_wconf 82' lang='lat' dir='ltr'>praestruentibus</span> 
     </span>
     <span class='ocr_line' id='line_1_18' title="bbox 185 1474 1984 1539; baseline -0.001 -14"><span class='ocrx_word' id='word_1_118' title='bbox 185 1477 267 1526; x_wconf 85' lang='lat' dir='ltr'>uel</span> <span class='ocrx_word' id='word_1_119' title='bbox 311 1477 520 1525; x_wconf 80' lang='lat' dir='ltr'>maxime</span> <span class='ocrx_word' id='word_1_120' title='bbox 566 1476 712 1524; x_wconf 87' lang='lat' dir='ltr'>fidem</span> <span class='ocrx_word' id='word_1_121' title='bbox 758 1475 905 1523; x_wconf 88' lang='lat' dir='ltr'>istam</span> <span class='ocrx_word' id='word_1_122' title='bbox 947 1475 1137 1539; x_wconf 84' lang='lat' dir='ltr'>angelis</span> <span class='ocrx_word' id='word_1_123' title='bbox 1177 1474 1412 1523; x_wconf 81' lang='lat' dir='ltr'>creatoris</span> <span class='ocrx_word' id='word_1_124' title='bbox 1447 1474 1495 1522; x_wconf 91' lang='lat' dir='ltr'>in</span> <span class='ocrx_word' id='word_1_125' title='bbox 1537 1489 1679 1524; x_wconf 89' lang='lat' dir='ltr'>carne</span> <span class='ocrx_word' id='word_1_126' title='bbox 1717 1490 1834 1524; x_wconf 89' lang='lat' dir='ltr'>uera</span> <span class='ocrx_word' id='word_1_127' title='bbox 1874 1490 1984 1524; x_wconf 90' lang='lat' dir='ltr'>con—</span> 
     </span>
     <span class='ocr_line' id='line_1_19' title="bbox 185 1559 1983 1625; baseline -0.001 -14"><span class='ocrx_word' id='word_1_128' title='bbox 185 1563 397 1612; x_wconf 90' lang='lat' dir='ltr'>uersatis</span> <span class='ocrx_word' id='word_1_129' title='bbox 442 1577 531 1611; x_wconf 87' lang='lat' dir='ltr'>uec</span> <span class='ocrx_word' id='word_1_130' title='bbox 575 1566 739 1611; x_wconf 86' lang='lat' dir='ltr'>tamen</span> <span class='ocrx_word' id='word_1_131' title='bbox 779 1562 909 1609; x_wconf 82' lang='lat' dir='ltr'>nata.</span> <span class='ocrx_word' id='word_1_132' title='bbox 968 1576 1078 1609; x_wconf 89' lang='lat' dir='ltr'>nam</span> <span class='ocrx_word' id='word_1_133' title='bbox 1126 1562 1175 1607; x_wconf 91' lang='lat' dir='ltr'>et</span> <span class='ocrx_word' id='word_1_134' title='bbox 1212 1559 1504 1609; x_wconf 86' lang='lat' dir='ltr'>Philumene</span> <span class='ocrx_word' id='word_1_135' title='bbox 1547 1560 1635 1609; x_wconf 86' lang='lat' dir='ltr'>illa</span> <span class='ocrx_word' id='word_1_136' title='bbox 1672 1560 1832 1625; x_wconf 82' lang='lat' dir='ltr'>magis</span> <span class='ocrx_word' id='word_1_137' title='bbox 1879 1576 1983 1624; x_wconf 90' lang='lat' dir='ltr'>per-</span> 
     </span>
     <span class='ocr_line' id='line_1_20' title="bbox 185 1644 1982 1711; baseline -0.002 -15"><span class='ocrx_word' id='word_1_138' title='bbox 185 1647 345 1696; x_wconf 87' lang='lat' dir='ltr'>suasit</span> <span class='ocrx_word' id='word_1_139' title='bbox 367 1647 565 1711; x_wconf 77' lang='lat' dir='ltr'>Appelli</span> <span class='ocrx_word' id='word_1_140' title='bbox 596 1646 872 1709; x_wconf 86' lang='lat' dir='ltr'>ceterisque</span> <span class='ocrx_word' id='word_1_141' title='bbox 906 1645 1240 1694; x_wconf 87' lang='lat' dir='ltr'>desertoribus</span> <span class='ocrx_word' id='word_1_142' title='bbox 1272 1644 1540 1693; x_wconf 88' lang='lat' dir='ltr'>Marcionis</span> <span class='ocrx_word' id='word_1_143' title='bbox 1573 1660 1627 1694; x_wconf 81' lang='lat' dir='ltr'>ex</span> <span class='ocrx_word' id='word_1_144' title='bbox 1657 1644 1752 1694; x_wconf 89' lang='lat' dir='ltr'>fide</span> <span class='ocrx_word' id='word_1_145' title='bbox 1785 1645 1982 1708; x_wconf 83' lang='lat' dir='ltr'>quidem</span> 
     </span>
     <span class='ocr_line' id='line_1_21' title="bbox 185 1729 1982 1794; baseline -0.001 -13"><span class='ocrx_word' id='word_1_146' title='bbox 185 1732 433 1782; x_wconf 84' lang='lat' dir='ltr'>Christum</span> <span class='ocrx_word' id='word_1_147' title='bbox 462 1731 830 1781; x_wconf 84' lang='lat' dir='ltr'>circumtulisse</span> <span class='ocrx_word' id='word_1_148' title='bbox 855 1745 1064 1790; x_wconf 72' lang='lat' dir='ltr'>carnem,</span> <span class='ocrx_word' id='word_1_149' title='bbox 1089 1730 1276 1778; x_wconf 90' lang='lat' dir='ltr'>nullius</span> <span class='ocrx_word' id='word_1_150' title='bbox 1301 1733 1463 1778; x_wconf 87' lang='lat' dir='ltr'>tamen</span> <span class='ocrx_word' id='word_1_151' title='bbox 1489 1729 1785 1786; x_wconf 80' lang='lat' dir='ltr'>natiuitatiS,</span> <span class='ocrx_word' id='word_1_152' title='bbox 1811 1734 1982 1794; x_wconf 90' lang='lat' dir='ltr'>utpote</span> 
     </span>
     <span class='ocr_line' id='line_1_22' title="bbox 184 1815 1981 1878; baseline -0.001 -12"><span class='ocrx_word' id='word_1_153' title='bbox 184 1817 241 1866; x_wconf 86' lang='lat' dir='ltr'>de</span> <span class='ocrx_word' id='word_1_154' title='bbox 287 1818 543 1866; x_wconf 84' lang='lat' dir='ltr'>elementis</span> <span class='ocrx_word' id='word_1_155' title='bbox 590 1832 696 1866; x_wconf 85' lang='lat' dir='ltr'>eam</span> <span class='ocrx_word' id='word_1_156' title='bbox 742 1818 1043 1865; x_wconf 88' lang='lat' dir='ltr'>mutuatum.</span> <span class='ocrx_word' id='word_1_157' title='bbox 1100 1815 1276 1878; x_wconf 87' lang='lat' dir='ltr'>quodsi</span> <span class='ocrx_word' id='word_1_158' title='bbox 1329 1816 1593 1864; x_wconf 87' lang='lat' dir='ltr'>uerebatur</span> <span class='ocrx_word' id='word_1_159' title='bbox 1635 1815 1870 1875; x_wconf 69' lang='lat' dir='ltr'>Marcion,</span> <span class='ocrx_word' id='word_1_160' title='bbox 1924 1832 1981 1865; x_wconf 93' lang='lat' dir='ltr'>ne</span> 
     </span>
     <span class='ocr_line' id='line_1_23' title="bbox 182 1900 1981 1965; baseline 0 -14"><span class='ocrx_word' id='word_1_161' title='bbox 182 1903 303 1952; x_wconf 89' lang='lat' dir='ltr'>fides</span> <span class='ocrx_word' id='word_1_162' title='bbox 342 1903 500 1952; x_wconf 85' lang='lat' dir='ltr'>carnis</span> <span class='ocrx_word' id='word_1_163' title='bbox 539 1902 816 1951; x_wconf 88' lang='lat' dir='ltr'>natiuitatis</span> <span class='ocrx_word' id='word_1_164' title='bbox 859 1917 1054 1965; x_wconf 84' lang='lat' dir='ltr'>quoque</span> <span class='ocrx_word' id='word_1_165' title='bbox 1086 1900 1233 1950; x_wconf 91' lang='lat' dir='ltr'>fidem</span> <span class='ocrx_word' id='word_1_166' title='bbox 1265 1900 1536 1960; x_wconf 67' lang='lat' dir='ltr'>induceret,</span> <span class='ocrx_word' id='word_1_167' title='bbox 1578 1901 1682 1950; x_wconf 89' lang='lat' dir='ltr'>sine</span> <span class='ocrx_word' id='word_1_168' title='bbox 1716 1901 1863 1952; x_wconf 88' lang='lat' dir='ltr'>dubio</span> <span class='ocrx_word' id='word_1_169' title='bbox 1898 1903 1981 1965; x_wconf 85' lang='lat' dir='ltr'>qui</span> 
     </span>
     <span class='ocr_line' id='line_1_24' title="bbox 181 1986 1981 2053; baseline 0.001 -18"><span class='ocrx_word' id='word_1_170' title='bbox 181 1987 327 2037; x_wconf 90' lang='lat' dir='ltr'>homo</span> <span class='ocrx_word' id='word_1_171' title='bbox 369 1988 631 2037; x_wconf 86' lang='lat' dir='ltr'>uidebatur</span> <span class='ocrx_word' id='word_1_172' title='bbox 667 1991 813 2037; x_wconf 84' lang='lat' dir='ltr'>natus</span> <span class='ocrx_word' id='word_1_173' title='bbox 852 1987 1025 2050; x_wconf 87' lang='lat' dir='ltr'>utique</span> <span class='ocrx_word' id='word_1_174' title='bbox 1058 1986 1361 2035; x_wconf 86' lang='lat' dir='ltr'>credebatur.</span> <span class='ocrx_word' id='word_1_175' title='bbox 1404 2001 1515 2034; x_wconf 88' lang='lat' dir='ltr'>nam</span> <span class='ocrx_word' id='word_1_176' title='bbox 1547 1989 1596 2038; x_wconf 74' lang='lat' dir='ltr'>et</span> <span class='ocrx_word' id='word_1_177' title='bbox 1627 1987 1805 2036; x_wconf 89' lang='lat' dir='ltr'>mulier</span> <span class='ocrx_word' id='word_1_178' title='bbox 1835 2004 1981 2053; x_wconf 78' lang='lat' dir='ltr'>quae-</span> 
     </span>
     <span class='ocr_line' id='line_1_25' title="bbox 183 2071 1980 2136; baseline -0.001 -14"><span class='ocrx_word' id='word_1_179' title='bbox 183 2073 292 2122; x_wconf 87' lang='lat' dir='ltr'>dam</span> <span class='ocrx_word' id='word_1_180' title='bbox 348 2075 727 2122; x_wconf 80' lang='lat' dir='ltr'>exclamauerat:</span> <span class='ocrx_word' id='word_1_181' title='bbox 783 2073 992 2121; x_wconf 87' lang='lat' dir='ltr'>beatus</span> <span class='ocrx_word' id='word_1_182' title='bbox 1055 2074 1274 2131; x_wconf 85' lang='lat' dir='ltr'>uenter,</span> <span class='ocrx_word' id='word_1_183' title='bbox 1329 2071 1426 2134; x_wconf 87' lang='lat' dir='ltr'>qui</span> <span class='ocrx_word' id='word_1_184' title='bbox 1479 2074 1533 2120; x_wconf 92' lang='lat' dir='ltr'>te</span> <span class='ocrx_word' id='word_1_185' title='bbox 1587 2073 1870 2136; x_wconf 87' lang='lat' dir='ltr'>portauit.</span> <span class='ocrx_word' id='word_1_186' title='bbox 1926 2077 1980 2122; x_wconf 89' lang='lat' dir='ltr'>et</span> 
     </span>
     <span class='ocr_line' id='line_1_26' title="bbox 180 2156 1978 2221; baseline 0.001 -16"><span class='ocrx_word' id='word_1_187' title='bbox 180 2159 372 2218; x_wconf 73' lang='lat' dir='ltr'>ubera,</span> <span class='ocrx_word' id='word_1_188' title='bbox 429 2173 572 2221; x_wconf 91' lang='lat' dir='ltr'>quae</span> <span class='ocrx_word' id='word_1_189' title='bbox 626 2158 900 2206; x_wconf 88' lang='lat' dir='ltr'>hausisti.</span> <span class='ocrx_word' id='word_1_190' title='bbox 956 2160 1004 2206; x_wconf 91' lang='lat' dir='ltr'>et</span> <span class='ocrx_word' id='word_1_191' title='bbox 1049 2156 1294 2220; x_wconf 90' lang='lat' dir='ltr'>quomodo</span> <span class='ocrx_word' id='word_1_192' title='bbox 1341 2159 1498 2206; x_wconf 88' lang='lat' dir='ltr'>mater</span> <span class='ocrx_word' id='word_1_193' title='bbox 1551 2161 1600 2206; x_wconf 91' lang='lat' dir='ltr'>et</span> <span class='ocrx_word' id='word_1_194' title='bbox 1643 2158 1816 2207; x_wconf 80' lang='lat' dir='ltr'>fratres</span> <span class='ocrx_word' id='word_1_195' title='bbox 1872 2159 1978 2207; x_wconf 90' lang='lat' dir='ltr'>eius</span> 
     </span>
     <span class='ocr_line' id='line_1_27' title="bbox 181 2242 1977 2305; baseline 0.001 -14"><span class='ocrx_word' id='word_1_196' title='bbox 181 2243 299 2292; x_wconf 89' lang='lat' dir='ltr'>dicti</span> <span class='ocrx_word' id='word_1_197' title='bbox 346 2247 461 2292; x_wconf 84' lang='lat' dir='ltr'>sunt</span> <span class='ocrx_word' id='word_1_198' title='bbox 505 2243 622 2292; x_wconf 87' lang='lat' dir='ltr'>foris</span> <span class='ocrx_word' id='word_1_199' title='bbox 670 2245 831 2292; x_wconf 79' lang='lat' dir='ltr'>stare?</span> <span class='ocrx_word' id='word_1_200' title='bbox 873 2244 1018 2300; x_wconf 72' lang='lat' dir='ltr'>certe,</span> <span class='ocrx_word' id='word_1_201' title='bbox 1067 2257 1177 2291; x_wconf 92' lang='lat' dir='ltr'>cum</span> <span class='ocrx_word' id='word_1_202' title='bbox 1226 2245 1275 2290; x_wconf 91' lang='lat' dir='ltr'>et</span> <span class='ocrx_word' id='word_1_203' title='bbox 1318 2242 1423 2305; x_wconf 88' lang='lat' dir='ltr'>ipse</span> <span class='ocrx_word' id='word_1_204' title='bbox 1471 2257 1521 2290; x_wconf 90' lang='lat' dir='ltr'>se</span> <span class='ocrx_word' id='word_1_205' title='bbox 1567 2242 1724 2291; x_wconf 87' lang='lat' dir='ltr'>filium</span> <span class='ocrx_word' id='word_1_206' title='bbox 1764 2243 1977 2293; x_wconf 88' lang='lat' dir='ltr'>hominis</span> 
     </span>
     <span class='ocr_line' id='line_1_28' title="bbox 179 2327 1977 2390; baseline 0.001 -14"><span class='ocrx_word' id='word_1_207' title='bbox 179 2328 498 2390; x_wconf 83' lang='lat' dir='ltr'>praedicaret,</span> <span class='ocrx_word' id='word_1_208' title='bbox 545 2331 716 2376; x_wconf 87' lang='lat' dir='ltr'>natum</span> <span class='ocrx_word' id='word_1_209' title='bbox 764 2328 956 2376; x_wconf 86' lang='lat' dir='ltr'>scilicet</span> <span class='ocrx_word' id='word_1_210' title='bbox 999 2327 1336 2390; x_wconf 87' lang='lat' dir='ltr'>profitebatur.</span> <span class='ocrx_word' id='word_1_211' title='bbox 1379 2329 1427 2375; x_wconf 94' lang='lat' dir='ltr'>et</span> <span class='ocrx_word' id='word_1_212' title='bbox 1465 2327 1747 2376; x_wconf 88' lang='lat' dir='ltr'>uidebimus</span> <span class='ocrx_word' id='word_1_213' title='bbox 1798 2328 1855 2377; x_wconf 89' lang='lat' dir='ltr'>de</span> <span class='ocrx_word' id='word_1_214' title='bbox 1901 2329 1977 2377; x_wconf 89' lang='lat' dir='ltr'>his</span> 
     </span>
    </p>
   </div>
   <div class='ocr_carea' id='block_1_6' title="bbox 134 2411 1977 2478">
    <p class='ocr_par' dir='ltr' id='par_1_7' title="bbox 134 2411 1977 2478">
     <span class='ocr_line' id='line_1_29' title="bbox 134 2411 1977 2478; baseline 0.001 -18"><span class='ocrx_word' id='word_1_215' title='bbox 134 2423 148 2446; x_wconf 81' lang='lat'>··</span> <span class='ocrx_word' id='word_1_216' title='bbox 181 2413 411 2475; x_wconf 85' lang='lat' dir='ltr'>capitulis</span> <span class='ocrx_word' id='word_1_217' title='bbox 465 2428 553 2462; x_wconf 89' lang='lat' dir='ltr'>suo</span> <span class='ocrx_word' id='word_1_218' title='bbox 607 2413 656 2461; x_wconf 89' lang='lat' dir='ltr'>in</span> <span class='ocrx_word' id='word_1_219' title='bbox 707 2415 953 2476; x_wconf 87' lang='lat' dir='ltr'>tempore:</span> <span class='ocrx_word' id='word_1_220' title='bbox 992 2427 1136 2471; x_wconf 76' lang='lat' dir='ltr'>nunc,</span> <span class='ocrx_word' id='word_1_221' title='bbox 1177 2415 1233 2460; x_wconf 91' lang='lat' dir='ltr'>ut</span> <span class='ocrx_word' id='word_1_222' title='bbox 1272 2411 1391 2465; x_wconf 85' lang='lat' dir='ltr'>haec</span> <span class='ocrx_word' id='word_1_223' title='bbox 1431 2413 1593 2460; x_wconf 87' lang='lat' dir='ltr'>omnia</span> <span class='ocrx_word' id='word_1_224' title='bbox 1632 2412 1691 2460; x_wconf 87' lang='lat' dir='ltr'>ad</span> <span class='ocrx_word' id='word_1_225' title='bbox 1731 2413 1977 2478; x_wconf 83' lang='lat' dir='ltr'>euangelii</span> 
     </span>
    </p>
   </div>
   <div class='ocr_carea' id='block_1_7' title="bbox 176 2496 1976 2732">
    <p class='ocr_par' dir='ltr' id='par_1_8' title="bbox 176 2496 1976 2732">
     <span class='ocr_line' id='line_1_30' title="bbox 180 2496 1976 2560; baseline 0 -15"><span class='ocrx_word' id='word_1_226' title='bbox 180 2497 454 2546; x_wconf 77' lang='lat' dir='ltr'>distulerim</span> <span class='ocrx_word' id='word_1_227' title='bbox 497 2498 923 2556; x_wconf 75' lang='lat' dir='ltr'>examinationem,</span> <span class='ocrx_word' id='word_1_228' title='bbox 962 2499 1123 2546; x_wconf 88' lang='lat' dir='ltr'>tamen</span> <span class='ocrx_word' id='word_1_229' title='bbox 1167 2496 1296 2560; x_wconf 89' lang='lat' dir='ltr'>quod</span> <span class='ocrx_word' id='word_1_230' title='bbox 1339 2512 1485 2559; x_wconf 77' lang='lat' dir='ltr'>supra</span> <span class='ocrx_word' id='word_1_231' title='bbox 1531 2498 1705 2546; x_wconf 85' lang='lat' dir='ltr'>statui:</span> <span class='ocrx_word' id='word_1_232' title='bbox 1756 2498 1798 2546; x_wconf 90' lang='lat' dir='ltr'>si</span> <span class='ocrx_word' id='word_1_233' title='bbox 1846 2498 1976 2547; x_wconf 89' lang='lat' dir='ltr'>omni</span> 
     </span>
     <span class='ocr_line' id='line_1_31' title="bbox 177 2581 1976 2644; baseline 0.001 -14"><span class='ocrx_word' id='word_1_234' title='bbox 177 2583 323 2631; x_wconf 80' lang='lat' dir='ltr'>modo</span> <span class='ocrx_word' id='word_1_235' title='bbox 368 2589 514 2632; x_wconf 82' lang='lat' dir='ltr'>natus</span> <span class='ocrx_word' id='word_1_236' title='bbox 563 2583 690 2632; x_wconf 88' lang='lat' dir='ltr'>credi</span> <span class='ocrx_word' id='word_1_237' title='bbox 738 2582 951 2631; x_wconf 82' lang='lat' dir='ltr'>habebat</span> <span class='ocrx_word' id='word_1_238' title='bbox 989 2582 1073 2644; x_wconf 85' lang='lat' dir='ltr'>qui</span> <span class='ocrx_word' id='word_1_239' title='bbox 1112 2582 1257 2630; x_wconf 91' lang='lat' dir='ltr'>homo</span> <span class='ocrx_word' id='word_1_240' title='bbox 1306 2581 1584 2641; x_wconf 72' lang='lat' dir='ltr'>uidebatur,</span> <span class='ocrx_word' id='word_1_241' title='bbox 1632 2597 1755 2631; x_wconf 85' lang='lat' dir='ltr'>uane</span> <span class='ocrx_word' id='word_1_242' title='bbox 1801 2583 1976 2631; x_wconf 89' lang='lat' dir='ltr'>natiui-</span> 
     </span>
     <span class='ocr_line' id='line_1_32' title="bbox 176 2667 1973 2732; baseline 0.001 -17"><span class='ocrx_word' id='word_1_243' title='bbox 176 2668 294 2716; x_wconf 83' lang='lat' dir='ltr'>tatis</span> <span class='ocrx_word' id='word_1_244' title='bbox 332 2668 478 2718; x_wconf 83' lang='lat' dir='ltr'>fidem</span> <span class='ocrx_word' id='word_1_245' title='bbox 525 2669 729 2717; x_wconf 85' lang='lat' dir='ltr'>consilio</span> <span class='ocrx_word' id='word_1_246' title='bbox 776 2667 1093 2732; x_wconf 82' lang='lat' dir='ltr'>imaginariae</span> <span class='ocrx_word' id='word_1_247' title='bbox 1140 2667 1296 2716; x_wconf 88' lang='lat' dir='ltr'>carnis</span> <span class='ocrx_word' id='word_1_248' title='bbox 1345 2668 1714 2731; x_wconf 79' lang='lat' dir='ltr'>expugnandam</span> <span class='ocrx_word' id='word_1_249' title='bbox 1760 2668 1973 2731; x_wconf 85' lang='lat' dir='ltr'>putauit.</span> 
     </span>
    </p>
   </div>
   <div class='ocr_carea' id='block_1_8' title="bbox 174 2807 1973 3371">
    <p class='ocr_par' dir='ltr' id='par_1_9' title="bbox 317 2807 1256 2862">
     <span class='ocr_line' id='line_1_33' title="bbox 317 2807 1256 2862; baseline 0 -15"><span class='ocrx_word' id='word_1_250' title='bbox 317 2809 386 2862; x_wconf 78' lang='lat'>21]</span> <span class='ocrx_word' id='word_1_251' title='bbox 417 2809 515 2849; x_wconf 88' lang='lat' dir='ltr'>Luc.</span> <span class='ocrx_word' id='word_1_252' title='bbox 550 2809 614 2852; x_wconf 83' lang='lat'>11.</span> <span class='ocrx_word' id='word_1_253' title='bbox 647 2809 712 2849; x_wconf 77' lang='lat'>27.</span> <span class='ocrx_word' id='word_1_254' title='bbox 801 2808 871 2860; x_wconf 76' lang='lat'>22]</span> <span class='ocrx_word' id='word_1_255' title='bbox 907 2807 957 2848; x_wconf 83' lang='lat' dir='ltr'>cf.</span> <span class='ocrx_word' id='word_1_256' title='bbox 990 2807 1094 2848; x_wconf 75' lang='lat' dir='ltr'>Luc.v</span> <span class='ocrx_word' id='word_1_257' title='bbox 1121 2807 1158 2855; x_wconf 77' lang='lat'>8,</span> <span class='ocrx_word' id='word_1_258' title='bbox 1191 2808 1256 2848; x_wconf 75' lang='lat'>20.</span> 
     </span>
    </p>

    <p class='ocr_par' dir='ltr' id='par_1_10' title="bbox 174 2891 1973 3371">
     <span class='ocr_line' id='line_1_34' title="bbox 233 2891 1973 2948; baseline -0.001 -14"><span class='ocrx_word' id='word_1_259' title='bbox 233 2896 256 2935; x_wconf 74' lang='lat'><strong>2</strong></span> <span class='ocrx_word' id='word_1_260' title='bbox 288 2897 509 2948; x_wconf 83' lang='lat' dir='ltr'>paraturae</span> <span class='ocrx_word' id='word_1_261' title='bbox 539 2894 647 2942; x_wconf 76' lang='lat' dir='ltr'>MF,</span> <span class='ocrx_word' id='word_1_262' title='bbox 680 2897 878 2947; x_wconf 82' lang='lat' dir='ltr'>paratura</span> <span class='ocrx_word' id='word_1_263' title='bbox 907 2892 950 2933; x_wconf 77' lang='lat' dir='ltr'><em>R</em></span> <span class='ocrx_word' id='word_1_264' title='bbox 980 2894 1115 2945; x_wconf 67' lang='lat' dir='ltr'>uulyo.</span> <span class='ocrx_word' id='word_1_265' title='bbox 1210 2893 1260 2933; x_wconf 78' lang='lat'>13</span> <span class='ocrx_word' id='word_1_266' title='bbox 1290 2893 1331 2932; x_wconf 90' lang='lat' dir='ltr'>in</span> <span class='ocrx_word' id='word_1_267' title='bbox 1366 2891 1442 2932; x_wconf 88' lang='lat' dir='ltr'>deo</span> <span class='ocrx_word' id='word_1_268' title='bbox 1477 2906 1569 2933; x_wconf 86' lang='lat' dir='ltr'>caro</span> <span class='ocrx_word' id='word_1_269' title='bbox 1600 2894 1775 2946; x_wconf 74' lang='lat' dir='ltr'>scripsi:</span> <span class='ocrx_word' id='word_1_270' title='bbox 1808 2907 1899 2934; x_wconf 78' lang='lat' dir='ltr'>caro</span> <span class='ocrx_word' id='word_1_271' title='bbox 1932 2895 1973 2933; x_wconf 91' lang='lat' dir='ltr'>in</span> 
     </span>
     <span class='ocr_line' id='line_1_35' title="bbox 178 2962 1971 3018; baseline -0.001 -13"><span class='ocrx_word' id='word_1_272' title='bbox 178 2965 253 3006; x_wconf 75' lang='lat' dir='ltr'>deo</span> <span class='ocrx_word' id='word_1_273' title='bbox 278 2965 372 3006; x_wconf 73' lang='lat' dir='ltr'>MR</span> <span class='ocrx_word' id='word_1_274' title='bbox 434 2966 483 3005; x_wconf 74' lang='lat'>15</span> <span class='ocrx_word' id='word_1_275' title='bbox 508 2966 644 3018; x_wconf 77' lang='lat' dir='ltr'>magis</span> <span class='ocrx_word' id='word_1_276' title='bbox 669 2964 722 3015; x_wconf 82' lang='lat' dir='ltr'>cf.</span> <span class='ocrx_word' id='word_1_277' title='bbox 746 2977 881 3016; x_wconf 69' lang='lat' dir='ltr'>supra</span> <span class='ocrx_word' id='word_1_278' title='bbox 906 2963 1070 3003; x_wconf 83' lang='lat' dir='ltr'>facilius</span> <span class='ocrx_word' id='word_1_279' title='bbox 1133 2963 1182 3003; x_wconf 87' lang='grc'>16</span> <span class='ocrx_word' id='word_1_280' title='bbox 1215 2963 1371 3015; x_wconf 82' lang='lat' dir='ltr'>appelli</span> <span class='ocrx_word' id='word_1_281' title='bbox 1401 2963 1509 3008; x_wconf 68' lang='lat' dir='ltr'>MR</span> <span class='ocrx_word' id='word_1_282' title='bbox 1542 2962 1682 3016; x_wconf 84' lang='lat' dir='ltr'>Apelli</span> <span class='ocrx_word' id='word_1_283' title='bbox 1707 2964 1748 3004; x_wconf 79' lang='lat' dir='ltr'><em>R</em></span> <span class='ocrx_word' id='word_1_284' title='bbox 1808 2963 1858 3003; x_wconf 76' lang='grc'>18</span> <span class='ocrx_word' id='word_1_285' title='bbox 1883 2977 1971 3003; x_wconf 90' lang='lat' dir='ltr'>mu-</span> 
     </span>
     <span class='ocr_line' id='line_1_36' title="bbox 175 3032 1970 3086; baseline 0 -12"><span class='ocrx_word' id='word_1_286' title='bbox 175 3038 339 3076; x_wconf 85' lang='lat' dir='ltr'>tuatum</span> <span class='ocrx_word' id='word_1_287' title='bbox 371 3035 427 3077; x_wconf 83' lang='lat' dir='ltr'>R.</span> <span class='ocrx_word' id='word_1_288' title='bbox 460 3037 695 3076; x_wconf 83' lang='lat' dir='ltr'>mutuatam</span> <span class='ocrx_word' id='word_1_289' title='bbox 729 3034 829 3076; x_wconf 88' lang='lat' dir='ltr'>MF</span> <span class='ocrx_word' id='word_1_290' title='bbox 932 3034 985 3074; x_wconf 79' lang='lat'>24</span> <span class='ocrx_word' id='word_1_291' title='bbox 1014 3033 1148 3073; x_wconf 76' lang='lat' dir='ltr'>uerba</span> <span class='ocrx_word' id='word_1_292' title='bbox 1181 3036 1221 3073; x_wconf 88' lang='lat' dir='ltr'>et</span> <span class='ocrx_word' id='word_1_293' title='bbox 1252 3032 1753 3086; x_wconf 84' lang='lat' dir='ltr'>uidebimus—tempore.</span> <span class='ocrx_word' id='word_1_294' title='bbox 1787 3047 1896 3085; x_wconf 77' lang='lat' dir='ltr'>quae</span> <span class='ocrx_word' id='word_1_295' title='bbox 1925 3034 1970 3074; x_wconf 68' lang='lat' dir='ltr'>in</span> 
     </span>
     <span class='ocr_line' id='line_1_37' title="bbox 178 3105 1971 3158; baseline -0.001 -12"><span class='ocrx_word' id='word_1_296' title='bbox 178 3106 271 3147; x_wconf 70' lang='lat' dir='ltr'>libr.</span> <span class='ocrx_word' id='word_1_297' title='bbox 305 3119 398 3147; x_wconf 78' lang='lat' dir='ltr'>mss.</span> <span class='ocrx_word' id='word_1_298' title='bbox 421 3106 562 3158; x_wconf 71' lang='lat' dir='ltr'>paulo</span> <span class='ocrx_word' id='word_1_299' title='bbox 592 3119 728 3157; x_wconf 75' lang='lat' dir='ltr'>supra</span> <span class='ocrx_word' id='word_1_300' title='bbox 759 3110 860 3157; x_wconf 74' lang='lat' dir='ltr'>post</span> <span class='ocrx_word' id='word_1_301' title='bbox 897 3105 998 3145; x_wconf 78' lang='lat' dir='ltr'>soris</span> <span class='ocrx_word' id='word_1_302' title='bbox 1030 3108 1141 3144; x_wconf 81' lang='lat' dir='ltr'>stare</span> <span class='ocrx_word' id='word_1_303' title='bbox 1182 3105 1391 3157; x_wconf 68' lang='lat' dir='ltr'>Zequntur,</span> <span class='ocrx_word' id='word_1_304' title='bbox 1431 3105 1513 3145; x_wconf 83' lang='lat' dir='ltr'>huc</span> <span class='ocrx_word' id='word_1_305' title='bbox 1550 3105 1759 3146; x_wconf 76' lang='lat' dir='ltr'>transtuli</span> <span class='ocrx_word' id='word_1_306' title='bbox 1846 3107 1897 3147; x_wconf 69' lang='lat'>⁴25</span> <span class='ocrx_word' id='word_1_307' title='bbox 1931 3109 1971 3145; x_wconf 85' lang='lat' dir='ltr'>in</span> 
     </span>
     <span class='ocr_line' id='line_1_38' title="bbox 174 3174 1970 3230; baseline -0.001 -13"><span class='ocrx_word' id='word_1_308' title='bbox 174 3180 363 3230; x_wconf 81' lang='lat' dir='ltr'>tempore</span> <span class='ocrx_word' id='word_1_309' title='bbox 387 3176 495 3218; x_wconf 79' lang='lat' dir='ltr'>MF.</span> <span class='ocrx_word' id='word_1_310' title='bbox 526 3180 716 3229; x_wconf 86' lang='lat' dir='ltr'>tempore</span> <span class='ocrx_word' id='word_1_311' title='bbox 739 3177 926 3229; x_wconf 69' lang='lat' dir='ltr'>Ruulqo</span> <span class='ocrx_word' id='word_1_312' title='bbox 1013 3176 1066 3216; x_wconf 76' lang='lat'>26</span> <span class='ocrx_word' id='word_1_313' title='bbox 1096 3178 1238 3215; x_wconf 85' lang='lat' dir='ltr'>tamen</span> <span class='ocrx_word' id='word_1_314' title='bbox 1272 3174 1384 3227; x_wconf 87' lang='lat' dir='ltr'>quod</span> <span class='ocrx_word' id='word_1_315' title='bbox 1414 3188 1540 3228; x_wconf 84' lang='lat' dir='ltr'>supra</span> <span class='ocrx_word' id='word_1_316' title='bbox 1564 3176 1694 3215; x_wconf 76' lang='lat' dir='ltr'>statui</span> <span class='ocrx_word' id='word_1_317' title='bbox 1717 3176 1806 3218; x_wconf 73' lang='lat' dir='ltr'>scil.</span> <span class='ocrx_word' id='word_1_318' title='bbox 1831 3178 1970 3222; x_wconf 80' lang='lat' dir='ltr'>teneo,</span> 
     </span>
     <span class='ocr_line' id='line_1_39' title="bbox 175 3245 1969 3299; baseline -0.001 -11"><span class='ocrx_word' id='word_1_319' title='bbox 175 3249 289 3299; x_wconf 76' lang='lat' dir='ltr'>quod</span> <span class='ocrx_word' id='word_1_320' title='bbox 318 3247 457 3288; x_wconf 60' lang='lat' dir='ltr'>nescio</span> <span class='ocrx_word' id='word_1_321' title='bbox 491 3261 550 3287; x_wconf 77' lang='lat' dir='ltr'>cm</span> <span class='ocrx_word' id='word_1_322' title='bbox 572 3260 656 3299; x_wconf 72' lang='lat' dir='ltr'>pro</span> <span class='ocrx_word' id='word_1_323' title='bbox 686 3250 827 3287; x_wconf 84' lang='lat' dir='ltr'>tamen</span> <span class='ocrx_word' id='word_1_324' title='bbox 852 3247 907 3286; x_wconf 70' lang='lat' dir='ltr'>sit</span> <span class='ocrx_word' id='word_1_325' title='bbox 936 3245 1251 3286; x_wconf 67' lang='lat' dir='ltr'>rescribendmn</span> <span class='ocrx_word' id='word_1_326' title='bbox 1338 3245 1389 3285; x_wconf 76' lang='lat'>28</span> <span class='ocrx_word' id='word_1_327' title='bbox 1416 3245 1735 3298; x_wconf 69' lang='lat' dir='ltr'>expugnandam</span> <span class='ocrx_word' id='word_1_328' title='bbox 1759 3245 1874 3287; x_wconf 81' lang='lat' dir='ltr'>MR1</span> <span class='ocrx_word' id='word_1_329' title='bbox 1899 3246 1969 3297; x_wconf 78' lang='lat' dir='ltr'>(cf.</span> 
     </span>
     <span class='ocr_line' id='line_1_40' title="bbox 180 3317 991 3371; baseline 0 -14"><span class='ocrx_word' id='word_1_330' title='bbox 180 3321 280 3366; x_wconf 75' lang='lat'><em>394,</em></span> <span class='ocrx_word' id='word_1_331' title='bbox 314 3321 403 3369; x_wconf 63' lang='lat'><strong><em>227),</em></strong></span> <span class='ocrx_word' id='word_1_332' title='bbox 436 3317 753 3371; x_wconf 81' lang='lat' dir='ltr'>expungendam</span> <span class='ocrx_word' id='word_1_333' title='bbox 784 3317 845 3358; x_wconf 59' lang='lat'>112³</span> <span class='ocrx_word' id='word_1_334' title='bbox 859 3318 991 3369; x_wconf 61' lang='lat' dir='ltr'>uulgyo</span> 
     </span>
    </p>
   </div>
  </div>
 </body>
</html>
