2248 3646
897 217 1237 261 Praefatio.
1795 219 1966 271 XXIII

146 381 285 427 tanta
323 376 717 440 corruptelarum
762 373 1086 424 multitudine
1128 373 1411 437 depr-anatis
1450 373 1521 422 ita
1561 372 1720 433 edere,
1773 374 1831 422 ut
1867 388 1964 423 non

149 463 293 513 inodo
333 463 529 527 possint
571 461 673 525 legi
730 459 818 509 sed
871 462 929 510 ut
981 461 1031 508 et
1084 459 1487 508 emendationum
1538 458 1699 508 maior
1742 473 1855 521 pars
1903 458 1964 507 ab

149 548 377 599 omnibus
411 547 495 610 qui
527 546 862 610 sequebantur
887 544 1161 594 editoribus
1188 544 1254 593 sit
1276 544 1500 608 probata,
1531 544 1665 593 haud
1696 542 1963 593 mediocris

147 649 262 683 sane
302 633 462 682 critici
498 631 686 696 ingenii
725 634 803 680 est
841 630 1207 680 testimonium.
1249 633 1298 678 et
1328 631 1552 679 mutasse
1585 629 1786 692 quidem
1818 629 1961 677 illum

145 718 279 767 haud
330 732 438 766 raro
492 716 647 765 uerba
698 715 934 775 auctoris,
989 714 1077 763 ubi
1123 729 1211 764 nos
1252 729 1307 763 ex
1344 714 1525 763 melius
1562 715 1662 763 iam
1700 716 1964 778 perspecto

147 817 371 852 sermone
431 801 769 850 Tertullianeo
830 800 1059 849 mutandi
1117 799 1468 849 necessitatem
1530 814 1799 864 agnoscere
1867 814 1962 847 non

143 902 432 952 possumus
495 886 546 935 id
608 886 651 934 ei
706 885 898 935 crimini
952 886 1144 934 uertere
1200 884 1547 934 obtrectatoris
1601 884 1762 949 magis
1813 899 1962 947 quarn

142 972 265 1022 iusti
308 972 492 1021 iudicis
534 986 643 1020 esse
682 970 983 1034 putauerim.
1031 969 1194 1033 magis
1235 985 1351 1018 sane
1389 969 1438 1018 in
1479 985 1536 1018 ea
1573 985 1623 1018 re
1663 969 1784 1017 mihi
1827 969 1961 1017 uitu-

141 1057 389 1121 perandus
428 1056 629 1105 uidetur
666 1055 949 1114 Rhemum,
991 1054 1124 1117 quod
1162 1054 1426 1118 permultis
1463 1053 1604 1114 locis,
1644 1054 1730 1103 ubi
1768 1055 1967 1117 praeter

145 1144 372 1193 codicum
405 1142 755 1191 auctoritatem
790 1140 910 1204 quid
942 1156 1095 1190 ausus
1129 1142 1206 1190 est
1235 1144 1446 1201 mutare⁷
1478 1141 1526 1189 in
1560 1139 1963 1190 adnotationibus

144 1228 356 1293 singulis
411 1227 552 1276 libris
599 1225 828 1290 praefixis
874 1225 925 1273 id
965 1240 1351 1274 commemorare
1391 1226 1624 1290 neglexit.
1677 1224 1792 1273 inde
1833 1224 1961 1273 enirn

142 1313 441 1377 posteriores
475 1326 648 1360 omnes
680 1341 746 1346 „-
780 1325 938 1374 neque
970 1310 1101 1359 enim
1137 1310 1416 1375 Rigaltium
1456 1311 1536 1360 hic
1575 1310 1763 1373 excipio
1802 1324 1961 1373 neque

144 1397 413 1447 Oelilerum
452 1427 521 1431 ——
558 1397 608 1445 in
650 1412 762 1445 euin
802 1395 1086 1445 inciderunt
1132 1411 1361 1457 errorem,
1409 1398 1464 1445 ut
1500 1395 1725 1446 Rhenani
1769 1395 1959 1445 coniec-

142 1489 278 1532 turas
318 1499 404 1547 pro
445 1482 673 1531 codicum
713 1481 953 1530 memoria
992 1481 1270 1545 acciperent
1310 1484 1358 1531 et
1389 1482 1581 1531 mendis
1612 1481 1742 1532 male
1774 1497 1801 1529 a
1829 1481 1958 1529 Rhe-

140 1584 264 1618 nano
303 1567 578 1617 emendatis
619 1581 764 1616 suam
803 1569 1209 1629 superstruerent
1249 1567 1658 1617 emendationem.
1696 1581 1811 1616 nam
1842 1565 1959 1615 inde

143 1669 169 1701 a
206 1653 421 1702 Martino
460 1651 685 1700 Mesnart
737 1666 906 1700 omnes
952 1666 1039 1715 pro
1080 1652 1405 1702 fundamento
1444 1653 1721 1715 posuerunt
1756 1649 1955 1700 tertiam

140 1737 380 1797 Rhenani‚
412 1736 574 1802 prima
605 1737 712 1786 eius
745 1738 832 1785 aut
871 1737 1069 1785 omnino
1110 1738 1340 1801 neglecta
1371 1739 1458 1786 aut
1487 1753 1582 1786 non
1615 1751 1670 1785 ea
1702 1751 1799 1799 qua
1830 1750 1956 1798 opus

141 1825 246 1872 erat
298 1821 556 1886 diligentia
607 1821 850 1885 inspecta,
904 1821 1272 1871 Mesnartius
1321 1822 1524 1886 quidem
1569 1823 1618 1871 et
1665 1818 1958 1870 Gelenius

139 1910 223 1969 ita,
250 1915 305 1958 ut
335 1908 639 1970 ubicumque
670 1922 800 1957 noua
824 1907 1053 1956 codicum
1081 1908 1308 1957 subsidia
1331 1907 1565 1957 adhibere
1589 1923 1683 1956 non
1708 1907 1954 1970 poterant,

139 1994 338 2043 tertiam
376 1993 599 2042 Rhenani
651 1995 874 2057 repetere
930 1992 1051 2042 satis
1104 1993 1370 2042 habuerint
1422 1992 1558 2042 nulla
1603 1991 1828 2042 adhibita
1866 2006 1956 2040 sua

141 2093 274 2127 cura.
329 2093 383 2126 ac
422 2076 694 2126 Mesnartio
737 2076 939 2140 quidem
977 2076 1028 2125 id
1068 2079 1198 2127 certe
1236 2077 1373 2127 laudi
1413 2076 1628 2126 dandum
1675 2078 1768 2135 est,
1822 2074 1954 2138 qnod

141 2177 485 2225 quaecumque
525 2161 700 2210 debuit
730 2161 986 2211 codicibus
1020 2177 1045 2211 a
1078 2177 1129 2211 se
1161 2162 1376 2227 primurn
1406 2162 1456 2210 in
1488 2161 1728 2211 auxilium
1758 2159 1954 2209 uocatis

143 2248 333 2297 uncinis
373 2246 672 2295 includenda
712 2247 908 2296 curauit
946 2250 996 2295 et
1033 2247 1120 2296 ubi
1154 2250 1322 2297 contra
1351 2247 1573 2296 Rhenani
1605 2246 1954 2296 auctoritatem

141 2348 258 2381 suos
305 2332 502 2381 codices
549 2332 689 2394 sequi
730 2347 883 2381 ausus
924 2347 1016 2381 non
1065 2335 1156 2391 est,
1211 2333 1374 2382 uarias
1416 2348 1587 2381 eorum
1623 2331 1865 2380 lectiones
1903 2328 1951 2378 in

141 2417 362 2482 margine
387 2416 658 2465 adnotauit.
693 2417 780 2464 sed
812 2432 925 2466 cum
957 2416 1005 2465 in
1038 2416 1115 2466 his
1147 2417 1288 2466 libris
1321 2416 1525 2467 edendis
1556 2417 1636 2466 hic
1666 2415 1770 2464 illic
1802 2413 1949 2462 etiam

142 2517 257 2551 suas
289 2502 595 2551 coniecturas
628 2501 712 2550 uel
742 2502 953 2566 margini
986 2501 1313 2566 adscripsisse
1350 2503 1435 2552 uel
1471 2503 1599 2551 inter
1636 2501 1791 2550 uerba
1818 2513 1951 2548 rec-e-

138 2587 274 2649 pisse
314 2602 427 2635 eum
468 2587 591 2636 satis
633 2590 943 2651 compertum
983 2587 1116 2654 sit‚1)
1155 2588 1288 2637 haud
1320 2587 1464 2637 facile
1495 2586 1743 2636 incumbit
1773 2584 1951 2634 editori

140 2671 413 2736 negotium,
445 2674 503 2720 ut
527 2672 613 2721 ubi
643 2672 691 2721 id
723 2672 913 2721 facturn
946 2672 1013 2722 sit
1044 2673 1128 2722 ubi
1160 2688 1275 2732 non,
1308 2688 1363 2721 ex
1387 2673 1699 2737 singulorum
1723 2671 1949 2719 locorum

139 2757 326 2806 ratione
387 2760 670 2821 cognoscat.
722 2757 1087 2808 Mesnartianae
1151 2758 1357 2808 editioni
1418 2773 1560 2807 suam
1620 2753 1950 2820 superstruxit

141 2840 558 2905 Sigismundus
615 2840 922 2901 GeleniUS‚
978 2842 1064 2906 qui
1111 2843 1206 2892 etsi
1250 2842 1381 2891 haud
1425 2857 1612 2905 paucos
1651 2839 1947 2890 Tertulliani

136 2925 272 2975 locos
320 2926 740 2989 splendidissimis
779 2927 1066 2977 emendauit
1103 2928 1329 2988 medelis,
1376 2942 1485 2977 meo
1527 2926 1727 2991 quidem
1758 2923 1945 2974 iudicio

139 3010 250 3072 plus
291 3010 455 3060 obfuit
492 3011 799 3062 Tertulliano
841 3028 987 3076 quam
1026 3012 1230 3077 profuit.
1262 3013 1491 3077 neglecta
1521 3012 1651 3062 enim
1684 3026 1756 3071 ea,
1796 3023 1945 3073 quam

209 3189 240 3241 1)
274 3191 532 3244 Saepissime
566 3192 612 3233 id
650 3191 810 3234 factum
849 3205 940 3233 esse
977 3193 1020 3233 in
1060 3193 1120 3234 eis
1157 3192 1292 3246 libris,
1332 3205 1438 3246 quos
1475 3192 1635 3246 primus
1667 3189 1803 3232 edidit
1831 3188 1942 3230 Mes-

137 3261 301 3302 nartius
333 3274 380 3302 ex
411 3275 486 3303 suo
519 3262 678 3304 ‘codice
708 3263 1018 3304 uetustissimo'
1056 3267 1169 3305 recte
1208 3263 1602 3306 animaduerterunt
1631 3261 1943 3303 Klussmannus

137 3334 180 3374 et
209 3332 595 3374 Reifferscheidius.
