2248 3646
84 1248 124 1277 10

503 307 594 348 VII.
626 308 891 348 Aduersus
923 307 1234 348 Marcionem
1265 308 1632 350 lib.11116—18.
1869 313 1968 361 405

163 461 419 512 hominum
478 462 782 511 uniuersitas
838 462 1137 525 spiritalium
1193 463 1599 512 documentorum
1654 466 1971 528 competebat

161 547 257 596 nisi
287 546 333 594 in
362 545 634 605 Christum,
668 545 776 595 flori
809 546 1007 609 quidem
1043 546 1102 594 ob
1136 547 1347 610 gratiam
1381 548 1587 611 spiritus
1621 548 1968 611 adaequatum,

162 647 217 680 ex
248 632 400 695 stirpe
431 633 598 680 autem
627 632 765 682 Iesse
798 632 1092 695 deputatum
1125 647 1211 695 per
1240 633 1465 693 Mariam,
1503 634 1616 682 inde
1656 635 1967 683 censendam.

160 717 419 780 expostulo
459 720 625 765 autem
666 717 724 765 de
762 717 1040 779 proposito:
1086 716 1126 764 si
1168 717 1253 766 das
1295 718 1336 765 ei
1379 718 1538 766 omnis
1579 718 1879 767 humilitatis
1921 724 1969 767 et

159 800 426 862 patientiae
472 803 521 849 et
562 801 940 864 tranquillitatis
988 800 1312 850 intentionem
1360 805 1408 851 et
1447 817 1502 850 ex
1542 802 1834 871 liis1Esaiae
1876 803 1969 851 erit

160 885 405 947 CliristuS‚
452 916 520 921 —-
566 886 732 936 homo
778 887 833 935 in
879 888 1054 951 plaga
1100 890 1155 936 et
1201 887 1396 936 sciens
1443 887 1595 937 ferre
1648 888 1966 937 imbecilli-

157 972 353 1030 tatem,
405 971 488 1033 qui
540 976 834 1035 tamquam
883 972 1012 1020 ouis
1061 971 1127 1019 ad
1175 972 1483 1021 uictimam
1530 973 1821 1022 adductus
1878 976 1967 1022 est

158 1057 213 1103 et
264 1058 558 1119 tamquam
611 1072 794 1121 agnus
850 1059 981 1106 ante
1034 1056 1373 1106 tondentem
1434 1073 1542 1106 non
1597 1059 1834 1122 aperuit
1886 1073 1964 1117 OS,

156 1141 240 1203 qui
290 1155 448 1203 neque
502 1142 764 1190 contendit
815 1157 973 1206 neque
1035 1142 1271 1191 clamauit
1330 1157 1418 1191 nec
1479 1142 1649 1192 audita
1710 1148 1785 1193 est
1843 1144 1963 1193 foris

154 1240 248 1274 uox
300 1225 424 1285 eiUS,
479 1226 561 1288 qui
614 1226 903 1275 arundinem
958 1230 1238 1286 contusam,
1291 1227 1342 1276 id
1390 1230 1467 1276 est
1512 1243 1745 1290 quassam
1791 1229 1963 1277 Iudae-

153 1325 294 1360 orum
346 1310 510 1371 fidem,
558 1327 652 1360 non
700 1311 1009 1371 comminuit,
1057 1313 1141 1376 qui
1187 1312 1345 1361 linum
1392 1313 1588 1372 ardens,
1636 1314 1686 1362 id
1734 1317 1810 1363 est
1861 1330 1963 1362 mo-

151 1399 469 1444 mentaneum
522 1396 746 1445 ardorem
800 1395 1039 1461 gentium,
1105 1413 1199 1446 non
1262 1398 1466 1447 extinxit
1530 1428 1596 1433 ——
1649 1414 1743 1447 non
1797 1402 1964 1462 potest

152 1481 279 1530 alius
327 1496 451 1541 esse,
499 1497 646 1544 quam
694 1482 779 1545 qui
824 1482 1216 1546 praedicebatur.
1266 1485 1460 1547 oportet
1498 1484 1597 1547 <et>
1643 1487 1808 1533 actum
1856 1484 1961 1533 eius

151 1565 211 1614 ad
250 1566 610 1630 scripturarum
648 1568 873 1632 regulam
911 1568 1218 1632 recognosci,
1261 1569 1465 1632 duplici,
1506 1569 1603 1618 nisi
1643 1570 1802 1629 fallor,
1851 1585 1961 1633 ope-

80 1672 119 1703 15
147 1651 336 1701 ratione
376 1651 692 1701 distinctum:
731 1652 1114 1715 praedicationis
1162 1658 1210 1702 et
1255 1654 1476 1705 uirtutis,
1526 1655 1611 1704 sed
1652 1655 1710 1704 de
1747 1659 1960 1718 utroque

75 2522 114 2552 25

150 1737 299 1787 titulo
353 1737 424 1786 sic
479 1737 755 1801 disponam,
810 1740 881 1798 ut,
936 1739 1167 1801 quoniam
1220 1739 1386 1803 ipsum
1442 1755 1638 1803 quoque
1690 1740 1958 1790 Marcionis

151 1822 465 1886 euangelium
506 1822 667 1871 excuti
698 1822 902 1886 placuit,
943 1823 1001 1872 de
1042 1824 1308 1887 speciebus,
1343 1824 1677 1874 doctrinarum
1710 1828 1759 1874 et
1797 1825 1958 1890 signo-

149 1923 259 1956 rum
305 1908 425 1957 illuc
474 1907 775 1968 differamus,
831 1908 971 1971 quasi
1016 1909 1065 1957 in
1112 1924 1213 1958 rem
1267 1915 1595 1974 praesentem,
1649 1911 1728 1959 hic
1790 1915 1957 1960 autem

149 1993 442 2057 generaliter
487 2009 827 2057 expungamus
875 1994 1382 2059 ordinem²coeptum,
1437 1996 1669 2045 docentes
1708 1997 1957 2060 praedica-

80 2097 97 2126 ε
149 2081 306 2127 torem
343 2078 542 2127 interim
582 2078 864 2127 adnuntiari
903 2077 1157 2128 Christum
1196 2096 1282 2143 per
1319 2081 1540 2130 Esaiam:
1583 2082 1724 2145 quis
1779 2082 1955 2140 enim,

147 2163 326 2227 inquit,
373 2163 433 2211 in
478 2163 681 2222 uobiS,
723 2164 828 2227 qui
876 2164 1054 2213 deum
1092 2165 1340 2225 metuit,
1382 2162 1477 2232 [et]
1519 2166 1823 2214 exaudiat
1860 2182 1956 2214 uo-

149 2264 276 2298 cem
337 2248 474 2297 filii
538 2249 709 2299 eius?
769 2249 890 2298 item
944 2250 1322 2300 medicatorem:
1383 2252 1520 2315 ipse
1575 2251 1720 2311 enim,
1776 2250 1954 2314 inquit,

146 2333 658 2384 imbecillitates
702 2341 958 2384 nostras
1005 2335 1287 2385 abstulit
1333 2339 1392 2385 et
1442 2337 1785 2402 languores
1824 2351 1954 2400 por-

147 2419 333 2469 tauit

221 2504 297 2553 18.
343 2504 418 2553 De
458 2505 589 2553 exitu
627 2505 796 2568 plane,
835 2507 971 2568 pute,
1020 2505 1365 2556 diuersitatem
1403 2506 1663 2569 temptatis
1702 2506 1951 2566 inducere,

286 2615 326 2667 6]
359 2614 429 2655 Es.
462 2615 528 2666 53,
561 2616 598 2655 3.
681 2617 721 2668 7]
755 2615 825 2658 Es.
860 2616 924 2662 53
959 2618 994 2656 7.
1069 2617 1113 2670 9]
1141 2616 1190 2658 cf.
1218 2617 1285 2658 Es.
1307 2618 1375 2671 42,
1400 2617 1524 2658 2-3.
1603 2617 1673 2670 20]
1701 2617 1768 2657 Es.
1794 2617 1859 2669 50,
1888 2617 1961 2658 10..

146 2686 215 2738 221
251 2686 318 2728 Es.
351 2687 418 2737 53,
449 2687 487 2725 4.
522 2686 572 2728 cf.
606 2687 757 2728 Mattli.
792 2688 829 2733 8,
865 2689 928 2728 17.
1018 2689 1228 2740 25—410,
1258 2689 1298 2742 3]
1334 2691 1384 2729 cf.
1419 2689 1515 2730 adu.
1546 2688 1728 2729 Iudaeos
1762 2702 1792 2729 c.
1829 2688 1893 2728 10.

205 2770 222 2809 1
258 2770 512 2812 uniuersitas
542 2771 698 2823 sco-ipsi
727 2772 822 2823 (loc.
845 2785 948 2824 (jem.
973 2777 1183 2824 secatusj:
1214 2773 1439 2814 diuersitas
1467 2772 1564 2814 MR
1642 2774 1667 2812 3
1700 2771 1950 2813 censendam

144 2840 202 2880 M
212 2840 344 2881 Pam:
360 2841 612 2882 censendum
630 2843 671 2883 R
687 2842 843 2894 reliqut'
900 2844 926 2882 4
944 2846 1085 2883 autem
1106 2844 1157 2884 de
1181 2844 1412 2896 proposito,
1432 2844 1467 2883 si
1483 2844 1613 2896 aalyo
1681 2845 1704 2884 6
1724 2841 1950 2885 Christus?

145 2911 269 2951 homo
285 2912 416 2964 aalyo
478 2912 527 2952 10
550 2911 766 2952 arudinem
785 2913 843 2952 M
899 2914 945 2953 11
974 2914 1136 2966 lignum
1154 2914 1211 2954 M
1267 2914 1317 2954 12
1343 2914 1533 2954 extinxit.
1558 2928 1642 2954 non
1664 2914 1793 2967 aalyo
1883 2926 1948 2953 ex-

144 2983 270 3022 tinxit
297 2983 401 3035 <sed
431 2983 644 3024 lucernam
675 2984 810 3037 magis
842 2984 946 3025 fecit
976 2987 1071 3026 ortu
1102 2985 1273 3025 luminis
1297 2986 1393 3037 sui>
1420 2985 1535 3025 Pam
1624 2986 1673 3025 13
1707 2990 1749 3025 et
1781 2984 1949 3033 addidi,

142 3065 231 3093 non
259 3058 370 3094 recte
391 3058 560 3106 putans
591 3054 812 3096 addidisse
840 3056 889 3095 in
920 3056 1009 3096 loco
1038 3056 1214 3108 gemello
1245 3056 1505 3096 imitatorem
1542 3059 1689 3108 itaque
1767 3056 1816 3095 14
1842 3054 1946 3108 dup-

144 3123 244 3177 plici
273 3124 332 3164 M
402 3125 450 3165 16
484 3125 542 3165 sic
573 3138 654 3166 om.
685 3125 731 3165 F
803 3126 851 3167 17
887 3126 1024 3167 excuti
1047 3126 1172 3177 MR¹‚
1206 3126 1362 3167 discuti
1385 3126 1447 3168 Rss
1461 3127 1591 3180 uulyo
1667 3127 1717 3167 18
1748 3126 1849 3167 illuc
1872 3126 1946 3178 R2‘,

141 3194 249 3235 illud
270 3194 386 3237 MR¹
474 3197 593 3248 quasi
623 3197 666 3236 in
698 3210 785 3237 rem
816 3202 1084 3250 praesentem
1109 3217 1161 3232 z:
1186 3198 1314 3250 quasi
1342 3211 1475 3249 usque
1504 3198 1553 3238 in
1567 3198 1863 3250 praesentiam
1886 3197 1949 3237 rei

141 3266 300 3317 ipsius;
323 3265 392 3306 hic
414 3267 526 3306 enim
550 3266 601 3307 de
625 3267 963 3308 adnuntiatione
986 3271 1166 3308 tantum·
1186 3267 1249 3308 rei
1272 3267 1497 3308 disseritur
1586 3268 1634 3308 19
1660 3280 1946 3320 expungamus

142 3336 197 3384 R,
230 3349 516 3390 expugnamus
548 3337 648 3377 MF
732 3338 781 3377 21
818 3341 860 3378 et
889 3339 1043 3379 seclusa¹
1071 3339 1142 3391 (cf.
1168 3339 1270 3378 ada.
1295 3337 1438 3378 Marc.
1462 3338 1582 3378 IIII
1599 3340 1682 3378 22:
1707 3339 1799 3391 quis
1823 3337 1946 3377 deum

140 3410 334 3447 metuens
366 3406 528 3460 audiat)
647 3407 845 3448 exaudiat
874 3409 938 3458 M,
971 3408 1169 3449 exaudiet
1198 3408 1385 3461 Ruulqo
1473 3409 1525 3449 25
1555 3410 1750 3450 temtatis
1781 3408 1834 3448 M
