2248 3646
541 256 635 297 VH.
668 255 930 297 Aduersus
962 255 1270 296 Marcionem
1305 255 1378 295 lib.
1411 254 1626 295 1115--6.
1886 258 1987 306 383

183 413 433 472 comitem,
475 412 728 462 Christum
771 411 969 475 adleget
1018 410 1186 468 fuisse,
1228 410 1407 459 docens
1449 410 1655 474 proinde
1697 413 1745 458 et
1785 409 1989 460 Galatas

182 499 278 548 duo
338 500 630 562 argumenta
688 495 904 545 filiorum
964 495 1190 544 Abrahae
1251 494 1513 559 allegorice
1575 495 1870 552 cucurrisse,
1941 500 1989 545 et

182 596 452 647 suggerens
484 581 733 644 Ephesiis,
775 579 909 643 quod
939 579 988 628 in
1021 565 1288 643 primordio
1321 578 1378 627 de
1410 578 1607 629 homine
1645 579 1986 642 praedicatum

181 669 272 726 est,
310 666 542 715 relicturo
590 667 781 728 patrem
827 666 878 714 et
921 666 1131 713 matrem
1179 667 1229 712 et
1272 662 1454 712 futuris
1503 663 1696 713 duobus
1742 665 1790 713 in
1836 682 1984 714 unam

132 773 149 801 s
180 767 389 808 carnem,
427 750 480 799 id
520 765 571 799 se
609 750 658 797 in
700 748 952 798 Christum
996 751 1046 798 et
1084 748 1348 798 eeclesiam
1390 764 1670 813 agnoscere.

109 1199 144 1226 10

249 838 294 886 6.
343 836 395 886 Si
443 836 564 886 satis
613 837 809 884 constat
855 834 912 883 de
958 834 1071 883 istis
1117 834 1314 883 interim
1361 833 1552 884 duabus
1599 836 1985 899 proprietatibus

176 922 405 971 Iudaicae
437 921 764 978 litteraturae,
794 923 1060 976 memento,
1092 919 1265 978 lector,
1299 919 1605 979 constitisse,
1638 922 1709 980 ut,
1744 935 1853 969 cum
1887 922 1986 969 tale

178 1006 295 1070 quid
341 1005 731 1064 adhibuerimUS,
779 1019 872 1053 non
918 1006 1213 1053 retractetur
1252 1004 1309 1053 de
1356 1004 1512 1053 forma
1559 1005 1851 1068 scripturae,
1900 1007 1986 1054 sed

176 1091 234 1141 de
274 1093 410 1140 statu
451 1105 644 1139 causae.
687 1105 798 1139 cum
838 1089 993 1154 igitur
1023 1089 1271 1138 haeretica
1302 1089 1552 1140 dementia
1584 1105 1697 1139 eum
1731 1090 1984 1140 Christum

175 1177 372 1225 uenisse
410 1178 765 1239 praesumeret,
807 1175 890 1238 qui
928 1188 1197 1237 numquam
1237 1175 1400 1223 fuerat
1438 1174 1778 1235 adiiuntiatuS‚
1813 1191 1985 1239 seque-

174 1263 333 1321 batur,
390 1263 446 1309 ut
500 1276 610 1310 eum
668 1260 923 1311 Christum
976 1259 1191 1309 nondum
1247 1260 1445 1309 uenisse
1508 1261 1840 1321 contenderet,
1903 1263 1984 1324 qui

176 1362 370 1411 semper
415 1346 577 1395 fuerat
613 1346 953 1410 praedicatus3
1005 1348 1152 1409 atque
1197 1345 1269 1395 ita
1308 1348 1479 1395 coacta
1517 1350 1593 1396 est
1632 1361 1742 1395 cum
1781 1347 1983 1396 Iudaico

175 1447 333 1481 errore
381 1431 557 1480 sociari
604 1433 652 1480 et
698 1431 755 1479 ab
812 1446 867 1479 66
922 1432 1402 1495 argumentationem
1451 1431 1546 1481 sibi
1592 1435 1795 1492 struere,
1844 1432 1981 1495 quasi

172 1517 357 1575 Iudaei,
415 1517 532 1565 certi
589 1519 635 1565 et
687 1516 784 1580 ipsi
837 1516 1102 1580 ali<en>um
1154 1516 1310 1566 fuisse
1357 1516 1441 1580 qui
1487 1516 1641 1577 uenit,
1689 1533 1781 1566 non
1835 1517 1982 1567 modo

126 1622 141 1648 5
172 1601 452 1664 respuerint
500 1617 612 1650 611111
660 1604 717 1649 ut
768 1604 1050 1650 extraneum
1098 1617 1272 1650 uerum
1313 1604 1361 1651 et
1397 1602 1736 1651 interfecerint
1776 1617 1889 1651 eum
1928 1605 1985 1651 ut

173 1686 526 1744 aduersarium,
590 1686 807 1750 agnituri
861 1686 964 1735 sine
1019 1686 1168 1736 dubio
1225 1690 1273 1735 et
1326 1687 1457 1736 omni
1512 1687 1673 1736 officio
1727 1688 1981 1753 religionis

170 1771 500 1835 prosecuturi,
543 1772 584 1820 si
622 1772 844 1834 ipsorum
883 1771 1079 1821 fuisset.
1129 1772 1322 1821 scilicet
1360 1773 1591 1822 nauclero
1630 1773 1706 1822 illi
1744 1789 1837 1822 11611
1880 1775 1983 1836 qui-

172 1856 282 1906 dem
306 1856 500 1906 Rhodia
522 1857 614 1916 leX,
657 1856 741 1905 sed
766 1857 972 1906 Pontica
1005 1860 1202 1906 cauerat
1234 1873 1390 1907 errare
1413 1857 1625 1908 Iudaeos
1658 1859 1705 1907 in
1730 1858 1980 1908 Christum

171 1957 315 1991 suum
355 1957 448 1990 11611
487 1941 651 2001 licere,
693 1942 904 2005 quando,
947 1944 994 1991 et
1034 1942 1076 1991 31
1114 1943 1239 2008 nihil
1276 1944 1375 1992 tale
1414 1943 1754 2006 praedicatum
1786 1944 1833 1992 in
1866 1944 1982 1993 illos

100 2050 116 2068 ο
169 2027 488 2086 inueniretur,
528 2028 610 2076 uel
650 2028 758 2076 sola
795 2027 968 2091 utique
1008 2028 1225 2077 humana
1257 2029 1478 2079 condicio
1513 2029 1743 2093 deceptui
1777 2030 1983 2078 obnoxia

168 2113 502 2177 persuasisset
540 2112 751 2162 Iudaeos
792 2128 947 2162 errare
987 2114 1228 2177 potuisse,
1271 2130 1365 2178 qua
1403 2115 1646 2173 1161111663,
1689 2131 1776 2164 1166
1810 2115 1980 2165 statim

167 2198 527 2261 praeiudicium
575 2198 873 2248 sumendum
922 2198 979 2247 de
1027 2199 1273 2248 sententia
1321 2214 1507 2259 eorum,
1565 2215 1686 2263 quos
1742 2201 1978 2250 credibile

166 2283 316 2332 fuerit
348 2298 551 2333 errasse.
591 2298 734 2347 porro
769 2298 880 2333 curn
916 2287 965 2332 et
993 2284 1333 2347 praedicatum
1367 2285 1432 2334 sit
1465 2301 1558 2335 non
1599 2286 1853 2350 agnituros
1895 2302 1977 2335 663

167 2368 421 2418 Christum
468 2368 678 2432 ideoque
726 2369 873 2418 etiam
922 2375 1283 2434 perempturos,
1330 2371 1426 2419 13111
1476 2386 1590 2435 ergo
1637 2372 1745 2434 ipse
1793 2373 1884 2420 erit
1931 2376 1978 2421 et

119 2473 131 2479 ·
165 2455 420 2519 ignoratus
462 2457 510 2503 et
548 2454 876 2518 interemptus
918 2455 975 2504 ab
1016 2456 1131 2518 illis,
1170 2456 1218 2504 in
1258 2472 1406 2520 quem
1445 2458 1515 2506 ita
1547 2457 1812 2507 admissuri
1845 2474 1978 2521 prae-

162 2539 474 2588 notabantur.
513 2540 605 2588 hoc
646 2540 688 2589 si
728 2540 922 2603 probari
962 2541 1131 2606 exigiS,
1171 2557 1265 2590 non
1307 2557 1386 2591 eas
1421 2542 1692 2606 scripturas
1728 2544 1974 2603 6116163111,

164 2639 287 2687 quae
318 2624 757 2687 interemptibilem
794 2625 1045 2675 Christum
1080 2626 1328 2676 edicentes
1360 2628 1535 2691 utique
1570 2630 1618 2677 et
1647 2629 1975 2693 ignorabilem

162 2708 435 2770 adfirmant,
474 2739 541 2744 —-
580 2710 674 2759 nisi
714 2711 842 2761 enim
883 2712 1140 2782 ignoratus
1181 2713 1304 2761 nihil
1338 2713 1532 2762 scilicet
1562 2714 1666 2777 pati
1698 2717 1869 2776 posset
1908 2744 1974 2748 -

162 2794 247 2843 sed
286 2795 555 2844 reseruatis
597 2795 666 2843 eis
707 2795 765 2843 ad
806 2811 1007 2846 causam
1046 2797 1334 2860 passionum
1376 2814 1456 2847 eas
1496 2799 1885 2862 praedicationes
1924 2800 1971 2847 in

89 2910 108 2940 3
160 2878 408 2941 praesenti
448 2879 665 2929 sufficiet
704 2880 952 2943 adhibere,
996 2897 1119 2945 quae
1158 2882 1356 2932 interim
1397 2883 1725 2948 ignorabilem
1764 2884 1974 2947 probent

162 2962 431 3023 Christum,
482 2966 530 3012 et
576 2965 667 3013 hoc
705 2965 940 3025 breuiter,
991 2967 1108 3015 dum
1149 2968 1415 3017 ostendunt
1455 2983 1647 3017 omnem
1689 2969 1792 3018 uim
1830 2969 1972 3017 intel-

301 3130 339 3182 1]
375 3130 426 3170 ef.
459 3129 550 3172 Gai.
584 3131 622 3183 4,
654 3132 832 3173 22—25.
923 3134 964 3186 3]
998 3133 1049 3174 cf.
1082 3134 1187 3188 Eph.
1222 3136 1258 3180 5
1293 3134 1471 3176 31—3‘2.

216 3228 234 3268 1
269 3228 466 3282 galathas
491 3229 592 3270 MF
681 3231 705 3269 2
739 3230 820 3271 duo
847 3245 925 3272 om.
950 3232 997 3272 F
1080 3235 1103 3274 6
1136 3234 1238 3274 satis
1272 3238 1337 3274 est
1359 3234 1406 3275 F
1493 3235 1544 3275 14
1576 3235 1759 3275 alienum
1791 3236 1970 3287 scripsi:

159 3298 286 3338 alium
302 3298 400 3340 MR
461 3300 511 3340 18
537 3301 699 3341 canerit
722 3301 769 3342 F
823 3302 875 3342 23
902 3302 1041 3343 fuerat
1071 3303 1274 3344 Oehlcrus
1330 3305 1384 3344 24
1415 3308 1678 3358 peremturos
1709 3306 1764 3346 M
1821 3307 1873 3346 ‘27
1899 3306 1960 3346 in·

158 3369 461 3410 teremtibilem
494 3370 552 3410 M
663 3373 706 3411 et
736 3373 1013 3424 ignorabilem
1045 3374 1153 3423 MF,
1185 3375 1463 3427 ignorabilem
1497 3377 1538 3417 R
