2248 3646
535 261 625 301 VH.
658 261 918 301 Aduersus
949 261 1258 302 Marcionem
1291 262 1361 302 lib.
1388 261 1453 302 m
1485 262 1663 304 aaa-24.
1901 267 2002 316 419

196 417 534 466 infirmitatem
589 431 857 479 oppressus
913 418 989 464 est
1041 431 1067 463 a
1120 417 1393 465 uirtutibus
1450 420 1497 466 et
1542 418 1826 467 'hominibus
1874 435 2004 468 crea·-

197 502 317 552 toris
366 504 451 550 aut
493 516 579 565 per
607 501 1023 559 malitiositatem,
1063 503 1119 549 ut
1151 503 1343 550 tantum
1383 501 1483 551 illis
1524 504 1724 552 sceleris
1765 504 2005 568 patientia

195 586 435 649 infigeret.

268 671 344 721 24.
387 671 593 730 (1111111οἈ
633 670 813 732 inquis,
857 673 1015 734 ‘spero
1057 670 1114 718 ab
1156 670 1257 730 illo,
1292 671 1419 734 quod
1462 677 1509 720 et
1547 672 1712 736 ipsum
1752 675 1903 722 faciat
1942 675 2000 723 ad

147 754 540 804 5testimonium
602 754 929 814 diuersitatis,
992 769 1193 819 regnum
1260 755 1337 804 dei
1391 758 1615 806 aeternae
1671 760 1720 807 et
1773 760 2001 808 caelestis

194 839 542 904 possessionis.
584 842 799 888 ceterum
833 841 1002 888 uester
1027 838 1255 889 Christus
1285 840 1550 903 pristinum
1585 845 1769 892 statum
1803 844 2001 893 Iudaeis

193 925 458 989 pollicetur
504 940 560 973 ex
603 924 916 973 restitutione
956 926 1112 973 terrae
1153 927 1203 974 et
1238 927 1355 989 post
1393 926 1655 975 decursum
1696 927 1831 977 uitae
1870 928 2000 992 apud

190 1010 373 1060 inferos
398 1011 445 1059 in
473 1010 583 1059 sinu
606 1009 832 1059 Abrahae
856 1010 1292 1074 1·efrigerium'.<o>
1317 1011 1462 1060 (100111
1490 1013 1752 1075 optimum,
1774 1013 1815 1063 si
1839 1014 2002 1063 reddit

192 1096 416 1160 placatus
443 1095 574 1160 quod
599 1097 648 1144 et
679 1094 953 1144 abstulerat
982 1095 1164 1144 iratus!
1207 1112 1231 1146 o
1267 1096 1414 1145 deum
1446 1099 1606 1156 tuum,
1641 1098 1724 1161 qui
1758 1101 1807 1147 et
1838 1099 2002 1148 caedit

124 1198 161 1227 10
194 1183 243 1229 et
280 1183 434 1240 sanat,
475 1180 642 1230 condit
672 1179 802 1227 mala
833 1183 881 1228 et
912 1180 1032 1229 facit
1062 1183 1256 1243 pacem!
1300 1197 1325 1230 0
1360 1181 1506 1230 deum
1541 1184 1690 1232 etiam
1723 1183 1782 1231 ad
1814 1183 1997 1234 inferos

193 1281 350 1328 usque
395 1264 789 1314 misericordem!
842 1265 927 1315 sed
975 1265 1032 1314 de
1081 1266 1190 1314 sinu
1239 1267 1464 1316 Abrahae
1512 1282 1601 1317 suo
1649 1271 1887 1332 tempore.
1939 1269 1996 1318 de

190 1350 509 1400 restitutione
556 1365 672 1400 uero
711 1350 940 1409 Iudaeae,
989 1366 1134 1413 quam
1184 1355 1231 1401 et
1268 1352 1366 1415 ipsi
1404 1353 1576 1409 Iudaei
1614 1354 1684 1403 ita
1722 1357 1778 1403 ut
1818 1355 1998 1404 descri—

190 1436 326 1485 bitur
350 1437 563 1499 sperant,
594 1435 817 1484 locorum
844 1438 892 1484 et
914 1436 1175 1500 regionum
1201 1436 1483 1487 nominibus
1509 1438 1716 1498 inducti,
1751 1440 1997 1502 quomodo

191 1520 455 1585 allegorica
491 1520 833 1583 interpretatio
864 1522 913 1569 in
948 1520 1202 1570 Christum
1236 1524 1284 1570 et
1314 1522 1362 1569 in
1395 1522 1658 1572 ecclesiam
1692 1526 1741 1572 et
1771 1524 1997 1572 habitum

121 1623 158 1652 15
193 1607 242 1654 et
278 1603 497 1653 fructum
539 1604 643 1654 eius
683 1605 976 1668 spiritaliter
1013 1608 1278 1669 competat,
1320 1611 1369 1655 et
1405 1608 1610 1671 longum
1653 1610 1730 1657 est
1766 1610 1999 1673 persequi

192 1693 240 1739 et
277 1690 325 1738 in
366 1690 460 1739 alio
502 1705 645 1754 opere
686 1690 956 1753 digestum,
997 1691 1127 1754 quod
1159 1692 1480 1741 inscribimus
1513 1692 1588 1742 ‘de
1621 1708 1707 1757 spe
1738 1693 1999 1754 fidelium',

192 1779 241 1825 et
275 1776 323 1824 in
365 1776 611 1839 praesenti
658 1777 739 1824 uel
780 1791 835 1825 eo
877 1776 1113 1832 otiosum,
1161 1777 1275 1840 quia
1312 1792 1407 1826 non
1449 1777 1506 1827 (10
1545 1780 1752 1835 terrena,
1803 1779 1889 1828 sed
1938 1780 1996 1828 de

192 1861 394 1910 caelesti
439 1860 767 1923 promissione
814 1861 881 1910 sit
920 1862 1162 1925 (1111100110.
1211 1878 1324 1911 nam
1362 1866 1410 1911 et
1449 1863 1742 1913 confitemur
1778 1864 1826 1913 in
1865 1867 1995 1914 terra

190 1944 333 1992 nobis
378 1960 587 2008 regnum
630 1945 951 2007 promissum,
1006 1946 1249 2007 sedante
1297 1948 1502 2007 caelum,
1557 1948 1641 1997 sed
1696 1948 1790 1997 alio
1845 1951 1993 2009 statU,

119 2049 160 2077 20
192 2031 360 2092 utpote
405 2031 522 2091 post
564 2030 976 2079 resurrectionem
1016 2031 1064 2079 in
1102 2032 1239 2080 mille
1280 2047 1430 2082 annos
1475 2033 1523 2081 in
1578 2033 1781 2082 ciuitate
1834 2033 1993 2082 diuini

188 2114 349 2178 operis
387 2114 703 2164 Hierusalem
744 2116 877 2164 caelo
919 2116 1153 2178 delatum,
1196 2133 1342 2180 quam
1384 2120 1432 2166 et
1479 2120 1737 2181 apostolus
1783 2122 1993 2167 matrem

187 2202 404 2248 nostram
446 2215 644 2249 sursum
686 2200 926 2264 designat.
966 2203 1014 2250 et
1051 2202 1325 2265 politeuma
1362 2205 1605 2264 nostrum,
1644 2203 1692 2251 id
1726 2206 1803 2253 est
1831 2203 1993 2253 muni-

187 2284 422 2349 cipatum,
462 2286 509 2332 in
544 2286 694 2335 caelis
729 2301 836 2334 esse
868 2287 1208 2348 pronuntians,
1250 2288 1398 2337 alicui
1431 2288 1603 2352 utique
1636 2288 1839 2338 caelesti
1872 2288 1991 2337 ciui-

184 2369 276 2419 tati
315 2385 427 2419 eum
459 2369 678 2432 deputat.
712 2370 836 2419 hanc
868 2374 916 2419 et
945 2371 1175 2420 Ezechiel
1205 2372 1347 2421 nouit
1377 2375 1427 2421 et
1458 2374 1715 2437 apostolus
1746 2373 1989 2423 Iohannes

117 2470 156 2501 25
186 2455 316 2504 uidit
361 2457 410 2504 et
454 2456 538 2517 qui
583 2455 712 2517 apud
752 2456 896 2504 fidem
938 2460 1157 2505 nostram
1197 2460 1272 2506 est
1308 2473 1465 2507 nouae
1505 2459 1789 2522 prophetiae
1829 2475 1989 2509 sermo

185 2540 413 2602 testatur,
445 2542 503 2588 ut
534 2540 682 2588 etiam
716 2540 931 2604 effigiem
966 2541 1186 2591 ciuitatis
1220 2545 1329 2591 ante
1353 2545 1855 2606 repraesentationem
1883 2544 1989 2592 eius

186 2624 472 2688 conspectui
519 2625 736 2673 futuram
784 2626 832 2674 in
887 2627 1086 2689 signum
1139 2627 1452 2691 praedicarit.
1506 2629 1718 2692 denique
1769 2629 1989 2692 proxime

186 2712 487 2772 expunctum
541 2713 618 2759 est
670 2710 895 2759 orientali
949 2712 1270 2775 expeditione.
1334 2715 1531 2762 constat
1590 2715 1717 2763 enim
1778 2714 1988 2763 ethnicis

186 2809 381 2857 quoque
437 2795 653 2844 testibus
713 2795 763 2844 in
814 2796 999 2845 Iudaea
1049 2813 1136 2860 per
1188 2798 1292 2846 dies
1348 2798 1674 2864 quadraginta
1724 2799 1987 2848 matutinis

115 2900 153 2931 30
184 2880 448 2929 momentis
504 2879 760 2929 ciuitatem
814 2881 872 2930 (10
926 2881 1058 2931 caelo
1118 2883 1432 2947 pependisse,
1494 2884 1627 2934 omni
1677 2884 1988 2933 moeniorum

325 2990 368 3044 8]
402 2991 453 3032 cf.
483 2991 583 3032 Luc.
619 2993 683 3040 16,
715 2993 780 3033 22.
857 2994 899 3046 9]
935 2993 985 3034 cf.
1019 2994 1129 3035 Hiob
1155 2996 1193 3047 5,
1222 2995 1283 3036 10.
1361 2995 1412 3036 cf.
1445 2996 1573 3037 Dent.
1605 2997 1672 3049 32,
1697 2996 1763 3036 39.
1839 2996 1908 3048 10]
1937 2995 1987 3036 cf.

184 3061 255 3102 Es.
286 3063 353 3110 45,
387 3063 424 3102 7.
533 3062 603 3115 20]
634 3063 686 3104 cf.
719 3065 846 3117 Apoc.
879 3063 945 3115 21,
978 3065 1014 3105 2.
1127 3065 1197 3118 21]
1234 3065 1284 3106 cf.
1317 3065 1408 3106 Gal.
1440 3067 1480 3119 4,
1513 3067 1579 3109 26.
1690 3066 1759 3119 22]
1791 3065 1843 3106 cf.
1874 3065 1985 3107 Phil.

186 3133 223 3178 3,
256 3132 322 3172 20.
410 3133 481 3187 24]
513 3132 564 3173 cf.
596 3132 666 3173 Ez.
698 3134 765 3186 48,
798 3134 978 3176 30—35.
1096 3135 1147 3176 cf.
1180 3137 1308 3189 Apoc.
1342 3136 1408 3184 21,
1440 3137 1478 3179 2.

241 3233 265 3274 8
291 3245 313 3272 0
339 3232 495 3273 addida·
556 3234 604 3274 12
628 3246 727 3274 uero
745 3233 800 3281 R,
826 3235 1020 3275 ueraeM
1082 3236 1130 3276 13
1156 3238 1329 3288 sperant
1343 3235 1416 3283 RS,
1441 3239 1639 3289 separant
1655 3234 1769 3277 MR¹
1833 3235 1879 3275 17
1898 3239 1984 3276 ter-

183 3315 285 3343 rena
300 3302 356 3355 R,
371 3306 485 3344 terra
498 3304 556 3345 M
617 3304 667 3344 21
688 3303 874 3345 delatum
888 3306 1042 3357 scripsi
1059 3308 1333 3359 (0010900111)
1348 3321 1360 3346 .·
1381 3305 1522 3347 delata
1538 3307 1594 3347 M
1594 3307 1636 3347 R
1701 3306 1753 3347 22
1772 3305 1985 3358 designat,

186 3376 229 3413 et
243 3374 374 3426 uulyo
419 3374 472 3414 25
490 3373 612 3415 uidit.
632 3377 674 3415 et
689 3375 819 3429 uulyo
865 3375 917 3415 26
934 3376 1199 3427 1001010133,
1216 3378 1400 3417 testatus
1410 3376 1525 3419 MR²
1570 3378 1621 3418 27
1638 3377 1825 3431 proxime
1836 3375 1982 3418 om.R²

1846 3459 1924 3500 27*
