<?xml version="1.0" encoding="UTF-8"?>
<!DOCTYPE html PUBLIC "-//W3C//DTD XHTML 1.0 Transitional//EN"
    "http://www.w3.org/TR/xhtml1/DTD/xhtml1-transitional.dtd">
<html xmlns="http://www.w3.org/1999/xhtml" xml:lang="en" lang="en">
 <head>
  <title>
</title>
<meta http-equiv="Content-Type" content="text/html;charset=utf-8" />
  <meta name='ocr-system' content='tesseract 3.04.00' />
  <meta name='ocr-capabilities' content='ocr_page ocr_carea ocr_par ocr_line ocrx_word'/>
</head>
<body>
  <div class='ocr_page' id='page_1' title='image "./quintiseptimiflo47tertuoft_0122.png"; bbox 0 0 2248 3646; ppageno 0'>
   <div class='ocr_carea' id='block_1_1' title="bbox 238 258 1739 323">
    <p class='ocr_par' dir='ltr' id='par_1_1' title="bbox 238 258 1739 323">
     <span class='ocr_line' id='line_1_1' title="bbox 238 258 1739 323; baseline 0.003 -25"><span class='ocrx_word' id='word_1_1' title='bbox 238 262 303 311; x_wconf 69' lang='lat'>32</span> <span class='ocrx_word' id='word_1_2' title='bbox 601 258 791 310; x_wconf 76' lang='lat' dir='ltr'>Quinti</span> <span class='ocrx_word' id='word_1_3' title='bbox 825 258 1052 323; x_wconf 75' lang='lat' dir='ltr'>Septimi</span> <span class='ocrx_word' id='word_1_4' title='bbox 1086 258 1368 302; x_wconf 85' lang='lat' dir='ltr'>Florentis</span> <span class='ocrx_word' id='word_1_5' title='bbox 1401 261 1739 303; x_wconf 74' lang='lat' dir='ltr'>Tertulliani</span> 
     </span>
    </p>
   </div>
   <div class='ocr_carea' id='block_1_2' title="bbox 220 417 2180 2950">
    <p class='ocr_par' dir='ltr' id='par_1_2' title="bbox 220 417 2180 2950">
     <span class='ocr_line' id='line_1_2' title="bbox 234 417 2104 488; baseline 0.003 -20"><span class='ocrx_word' id='word_1_6' title='bbox 234 417 354 469; x_wconf 90' lang='lat' dir='ltr'>fidei</span> <span class='ocrx_word' id='word_1_7' title='bbox 381 434 501 469; x_wconf 89' lang='lat' dir='ltr'>suae</span> <span class='ocrx_word' id='word_1_8' title='bbox 528 419 890 484; x_wconf 73' lang='lat' dir='ltr'>professorem:</span> <span class='ocrx_word' id='word_1_9' title='bbox 928 418 1063 480; x_wconf 87' lang='lat' dir='ltr'>uiri,</span> <span class='ocrx_word' id='word_1_10' title='bbox 1097 419 1280 483; x_wconf 85' lang='lat' dir='ltr'>inquit,</span> <span class='ocrx_word' id='word_1_11' title='bbox 1316 419 1555 483; x_wconf 86' lang='lat' dir='ltr'>fratres,</span> <span class='ocrx_word' id='word_1_12' title='bbox 1593 437 1700 488; x_wconf 87' lang='lat' dir='ltr'>ego</span> <span class='ocrx_word' id='word_1_13' title='bbox 1730 422 2104 475; x_wconf 85' lang='lat' dir='ltr'>Pharisaeus</span> 
     </span>
     <span class='ocr_line' id='line_1_3' title="bbox 237 506 2105 572; baseline 0.004 -17"><span class='ocrx_word' id='word_1_14' title='bbox 237 522 383 568; x_wconf 87' lang='lat' dir='ltr'>sum,</span> <span class='ocrx_word' id='word_1_15' title='bbox 425 506 602 557; x_wconf 91' lang='lat' dir='ltr'>filius</span> <span class='ocrx_word' id='word_1_16' title='bbox 638 506 1128 568; x_wconf 71' lang='lat' dir='ltr'>Pharisaeorum,</span> <span class='ocrx_word' id='word_1_17' title='bbox 1173 507 1239 557; x_wconf 90' lang='lat' dir='ltr'>de</span> <span class='ocrx_word' id='word_1_18' title='bbox 1277 524 1377 572; x_wconf 90' lang='lat' dir='ltr'>spe</span> <span class='ocrx_word' id='word_1_19' title='bbox 1411 525 1564 562; x_wconf 85' lang='lat' dir='ltr'>nunc</span> <span class='ocrx_word' id='word_1_20' title='bbox 1600 517 1658 560; x_wconf 87' lang='lat' dir='ltr'>et</span> <span class='ocrx_word' id='word_1_21' title='bbox 1699 510 1765 559; x_wconf 85' lang='lat' dir='ltr'>de</span> <span class='ocrx_word' id='word_1_22' title='bbox 1806 527 2105 563; x_wconf 88' lang='lat' dir='ltr'>resurrec-</span> 
     </span>
     <span class='ocr_line' id='line_1_4' title="bbox 234 594 2106 664; baseline 0.004 -21"><span class='ocrx_word' id='word_1_23' title='bbox 234 594 401 644; x_wconf 84' lang='lat' dir='ltr'>tione</span> <span class='ocrx_word' id='word_1_24' title='bbox 448 594 692 645; x_wconf 84' lang='lat' dir='ltr'>iudicor</span> <span class='ocrx_word' id='word_1_25' title='bbox 740 595 898 659; x_wconf 87' lang='lat' dir='ltr'>apud</span> <span class='ocrx_word' id='word_1_26' title='bbox 945 611 1071 654; x_wconf 86' lang='lat' dir='ltr'>uos.</span> <span class='ocrx_word' id='word_1_27' title='bbox 1128 596 1307 660; x_wconf 86' lang='lat' dir='ltr'>utique</span> <span class='ocrx_word' id='word_1_28' title='bbox 1364 599 1640 659; x_wconf 88' lang='lat' dir='ltr'>communi,</span> <span class='ocrx_word' id='word_1_29' title='bbox 1697 614 1774 659; x_wconf 86' lang='lat' dir='ltr'>ne,</span> <span class='ocrx_word' id='word_1_30' title='bbox 1832 600 1952 664; x_wconf 88' lang='lat' dir='ltr'>quia</span> <span class='ocrx_word' id='word_1_31' title='bbox 2003 600 2106 650; x_wconf 88' lang='lat' dir='ltr'>iam</span> 
     </span>
     <span class='ocr_line' id='line_1_5' title="bbox 233 681 2105 750; baseline 0.005 -21"><span class='ocrx_word' id='word_1_32' title='bbox 233 683 585 747; x_wconf 73' lang='lat' dir='ltr'>transgressor</span> <span class='ocrx_word' id='word_1_33' title='bbox 614 682 745 748; x_wconf 84' lang='lat' dir='ltr'>legis</span> <span class='ocrx_word' id='word_1_34' title='bbox 778 681 1069 743; x_wconf 85' lang='lat' dir='ltr'>uidebatur,</span> <span class='ocrx_word' id='word_1_35' title='bbox 1113 683 1173 733; x_wconf 87' lang='lat' dir='ltr'>de</span> <span class='ocrx_word' id='word_1_36' title='bbox 1207 685 1635 750; x_wconf 21' lang='lat' dir='ltr'>praecipuo-fidei</span> <span class='ocrx_word' id='word_1_37' title='bbox 1675 686 1837 738; x_wconf 84' lang='lat' dir='ltr'>totius</span> <span class='ocrx_word' id='word_1_38' title='bbox 1872 688 2105 749; x_wconf 74' lang='lat' dir='ltr'>articulo,</span> 
     </span>
     <span class='ocr_line' id='line_1_6' title="bbox 232 768 2177 839; baseline 0.005 -21"><span class='ocrx_word' id='word_1_39' title='bbox 232 768 284 818; x_wconf 87' lang='lat' dir='ltr'>id</span> <span class='ocrx_word' id='word_1_40' title='bbox 334 772 412 819; x_wconf 89' lang='lat' dir='ltr'>est</span> <span class='ocrx_word' id='word_1_41' title='bbox 461 769 957 832; x_wconf 85' lang='lat' dir='ltr'>deresurrectione,</span> <span class='ocrx_word' id='word_1_42' title='bbox 1015 770 1078 821; x_wconf 88' lang='lat' dir='ltr'>ad</span> <span class='ocrx_word' id='word_1_43' title='bbox 1126 769 1418 823; x_wconf 82' lang='lat' dir='ltr'>Saducaeos</span> <span class='ocrx_word' id='word_1_44' title='bbox 1475 788 1651 839; x_wconf 80' lang='lat' dir='ltr'>sapere</span> <span class='ocrx_word' id='word_1_45' title='bbox 1708 775 2104 828; x_wconf 72' lang='lat' dir='ltr'>existimaretur.</span> <span class='ocrx_word' id='word_1_46' title='bbox 2159 798 2177 828; x_wconf 85' lang='lat'>5</span> 
     </span>
     <span class='ocr_line' id='line_1_7' title="bbox 232 856 2106 929; baseline 0.004 -24"><span class='ocrx_word' id='word_1_47' title='bbox 232 856 305 906; x_wconf 90' lang='lat' dir='ltr'>ita</span> <span class='ocrx_word' id='word_1_48' title='bbox 344 871 496 920; x_wconf 82' lang='lat' dir='ltr'>quam</span> <span class='ocrx_word' id='word_1_49' title='bbox 540 857 748 908; x_wconf 88' lang='lat' dir='ltr'>nolebat</span> <span class='ocrx_word' id='word_1_50' title='bbox 786 856 952 908; x_wconf 87' lang='lat' dir='ltr'>uideri</span> <span class='ocrx_word' id='word_1_51' title='bbox 989 857 1280 909; x_wconf 83' lang='lat' dir='ltr'>rescindere</span> <span class='ocrx_word' id='word_1_52' title='bbox 1321 859 1474 910; x_wconf 89' lang='lat' dir='ltr'>fidem</span> <span class='ocrx_word' id='word_1_53' title='bbox 1506 862 1895 913; x_wconf 87' lang='lat' dir='ltr'>resurrectionis</span> <span class='ocrx_word' id='word_1_54' title='bbox 1928 864 2106 929; x_wconf 87' lang='lat' dir='ltr'>utique</span> 
     </span>
     <span class='ocr_line' id='line_1_8' title="bbox 234 944 2105 1015; baseline 0.004 -21"><span class='ocrx_word' id='word_1_55' title='bbox 234 944 566 995; x_wconf 87' lang='lat' dir='ltr'>confirmabat</span> <span class='ocrx_word' id='word_1_56' title='bbox 627 945 910 996; x_wconf 89' lang='lat' dir='ltr'>secundum</span> <span class='ocrx_word' id='word_1_57' title='bbox 973 945 1295 1008; x_wconf 82' lang='lat' dir='ltr'>PharisanS,</span> <span class='ocrx_word' id='word_1_58' title='bbox 1349 963 1596 1013; x_wconf 87' lang='lat' dir='ltr'>respuens</span> <span class='ocrx_word' id='word_1_59' title='bbox 1651 953 1922 1015; x_wconf 79' lang='lat' dir='ltr'>negatores</span> <span class='ocrx_word' id='word_1_60' title='bbox 1978 952 2105 1011; x_wconf 82' lang='lat' dir='ltr'>eiUS,</span> 
     </span>
     <span class='ocr_line' id='line_1_9' title="bbox 234 1032 2107 1104; baseline 0.004 -22"><span class='ocrx_word' id='word_1_61' title='bbox 234 1032 542 1083; x_wconf 79' lang='lat' dir='ltr'>Saducaeos,</span> <span class='ocrx_word' id='word_1_62' title='bbox 596 1033 809 1100; x_wconf 86' lang='lat' dir='ltr'>proinde</span> <span class='ocrx_word' id='word_1_63' title='bbox 870 1036 922 1084; x_wconf 92' lang='lat' dir='ltr'>et</span> <span class='ocrx_word' id='word_1_64' title='bbox 969 1033 1103 1099; x_wconf 86' lang='lat' dir='ltr'>apud</span> <span class='ocrx_word' id='word_1_65' title='bbox 1150 1034 1431 1101; x_wconf 87' lang='lat' dir='ltr'>Agrippam</span> <span class='ocrx_word' id='word_1_66' title='bbox 1482 1037 1611 1087; x_wconf 84' lang='lat' dir='ltr'>nihil</span> <span class='ocrx_word' id='word_1_67' title='bbox 1658 1053 1711 1088; x_wconf 93' lang='lat' dir='ltr'>se</span> <span class='ocrx_word' id='word_1_68' title='bbox 1768 1039 1840 1088; x_wconf 91' lang='lat' dir='ltr'>ait</span> <span class='ocrx_word' id='word_1_69' title='bbox 1884 1040 2107 1104; x_wconf 84' lang='lat' dir='ltr'>proferre</span> 
     </span>
     <span class='ocr_line' id='line_1_10' title="bbox 235 1120 2106 1191; baseline 0.005 -22"><span class='ocrx_word' id='word_1_70' title='bbox 235 1120 361 1171; x_wconf 88' lang='lat' dir='ltr'>citra</span> <span class='ocrx_word' id='word_1_71' title='bbox 414 1137 566 1186; x_wconf 88' lang='lat' dir='ltr'>quam</span> <span class='ocrx_word' id='word_1_72' title='bbox 614 1121 898 1187; x_wconf 86' lang='lat' dir='ltr'>prophetae</span> <span class='ocrx_word' id='word_1_73' title='bbox 947 1120 1353 1173; x_wconf 85' lang='lat' dir='ltr'>adnuntiassent.</span> <span class='ocrx_word' id='word_1_74' title='bbox 1403 1140 1520 1191; x_wconf 87' lang='lat' dir='ltr'>ergo</span> <span class='ocrx_word' id='word_1_75' title='bbox 1571 1126 1812 1177; x_wconf 89' lang='lat' dir='ltr'>seruabat</span> <span class='ocrx_word' id='word_1_76' title='bbox 1856 1142 2106 1178; x_wconf 85' lang='lat' dir='ltr'>resurrec-</span> 
     </span>
     <span class='ocr_line' id='line_1_11' title="bbox 231 1207 2180 1275; baseline 0.004 -17"><span class='ocrx_word' id='word_1_77' title='bbox 231 1207 423 1258; x_wconf 90' lang='lat' dir='ltr'>tionem</span> <span class='ocrx_word' id='word_1_78' title='bbox 479 1225 701 1275; x_wconf 88' lang='lat' dir='ltr'>quoque,</span> <span class='ocrx_word' id='word_1_79' title='bbox 758 1210 963 1275; x_wconf 89' lang='lat' dir='ltr'>qualem</span> <span class='ocrx_word' id='word_1_80' title='bbox 1016 1210 1297 1275; x_wconf 86' lang='lat' dir='ltr'>prophetae</span> <span class='ocrx_word' id='word_1_81' title='bbox 1353 1211 1727 1264; x_wconf 73' lang='lat' dir='ltr'>adnuntiarent.</span> <span class='ocrx_word' id='word_1_82' title='bbox 1784 1230 1901 1264; x_wconf 89' lang='lat' dir='ltr'>nam</span> <span class='ocrx_word' id='word_1_83' title='bbox 1943 1217 1993 1265; x_wconf 92' lang='lat' dir='ltr'>et</span> <span class='ocrx_word' id='word_1_84' title='bbox 2047 1215 2106 1266; x_wconf 89' lang='lat' dir='ltr'>de</span> <span class='ocrx_word' id='word_1_85' title='bbox 2143 1238 2180 1268; x_wconf 80' lang='grc' dir='ltr'>ιο</span> 
     </span>
     <span class='ocr_line' id='line_1_12' title="bbox 229 1296 2105 1367; baseline 0.004 -21"><span class='ocrx_word' id='word_1_86' title='bbox 229 1296 600 1348; x_wconf 85' lang='grc'>166111166110116</span> <span class='ocrx_word' id='word_1_87' title='bbox 633 1302 953 1348; x_wconf 80' lang='lat' dir='ltr'>mort-uorum</span> <span class='ocrx_word' id='word_1_88' title='bbox 988 1298 1124 1363; x_wconf 88' lang='lat' dir='ltr'>apud</span> <span class='ocrx_word' id='word_1_89' title='bbox 1158 1298 1373 1364; x_wconf 82' lang='lat' dir='ltr'>Moysen</span> <span class='ocrx_word' id='word_1_90' title='bbox 1417 1301 1666 1367; x_wconf 86' lang='lat' dir='ltr'>scripturn</span> <span class='ocrx_word' id='word_1_91' title='bbox 1701 1318 2105 1354; x_wconf 87' lang='lat' dir='ltr'>commemorans</span> 
     </span>
     <span class='ocr_line' id='line_1_13' title="bbox 232 1385 2105 1456; baseline 0.004 -22"><span class='ocrx_word' id='word_1_92' title='bbox 232 1385 545 1449; x_wconf 79' lang='lat' dir='ltr'>corporalem</span> <span class='ocrx_word' id='word_1_93' title='bbox 588 1401 698 1436; x_wconf 90' lang='lat' dir='ltr'>eam</span> <span class='ocrx_word' id='word_1_94' title='bbox 739 1387 900 1446; x_wconf 78' lang='lat' dir='ltr'>norat,</span> <span class='ocrx_word' id='word_1_95' title='bbox 933 1385 984 1435; x_wconf 89' lang='lat' dir='ltr'>in</span> <span class='ocrx_word' id='word_1_96' title='bbox 1019 1401 1118 1450; x_wconf 85' lang='lat' dir='ltr'>qua</span> <span class='ocrx_word' id='word_1_97' title='bbox 1159 1386 1359 1438; x_wconf 87' lang='lat' dir='ltr'>scilicet</span> <span class='ocrx_word' id='word_1_98' title='bbox 1400 1388 1610 1455; x_wconf 87' lang='lat' dir='ltr'>sanguis</span> <span class='ocrx_word' id='word_1_99' title='bbox 1652 1389 1875 1440; x_wconf 88' lang='lat' dir='ltr'>hominis</span> <span class='ocrx_word' id='word_1_100' title='bbox 1910 1391 2105 1456; x_wconf 78' lang='lat' dir='ltr'>exquiri</span> 
     </span>
     <span class='ocr_line' id='line_1_14' title="bbox 229 1472 2105 1540; baseline 0.005 -19"><span class='ocrx_word' id='word_1_101' title='bbox 229 1472 453 1522; x_wconf 76' lang='lat' dir='ltr'>habebit.</span> <span class='ocrx_word' id='word_1_102' title='bbox 495 1473 668 1538; x_wconf 86' lang='lat' dir='ltr'>itaque</span> <span class='ocrx_word' id='word_1_103' title='bbox 707 1473 864 1524; x_wconf 88' lang='lat' dir='ltr'>talem</span> <span class='ocrx_word' id='word_1_104' title='bbox 899 1473 1245 1539; x_wconf 88' lang='lat' dir='ltr'>praedicabat,</span> <span class='ocrx_word' id='word_1_105' title='bbox 1289 1476 1493 1540; x_wconf 87' lang='lat' dir='ltr'>qualem</span> <span class='ocrx_word' id='word_1_106' title='bbox 1536 1479 1587 1527; x_wconf 92' lang='lat' dir='ltr'>et</span> <span class='ocrx_word' id='word_1_107' title='bbox 1625 1477 1891 1528; x_wconf 87' lang='lat' dir='ltr'>Pharisaei</span> <span class='ocrx_word' id='word_1_108' title='bbox 1933 1494 2105 1530; x_wconf 86' lang='lat' dir='ltr'>susce-</span> 
     </span>
     <span class='ocr_line' id='line_1_15' title="bbox 229 1560 2106 1633; baseline 0.004 -23"><span class='ocrx_word' id='word_1_109' title='bbox 229 1562 408 1624; x_wconf 86' lang='lat' dir='ltr'>perant</span> <span class='ocrx_word' id='word_1_110' title='bbox 449 1563 497 1610; x_wconf 89' lang='lat' dir='ltr'>et</span> <span class='ocrx_word' id='word_1_111' title='bbox 537 1560 774 1611; x_wconf 89' lang='lat' dir='ltr'>dominus</span> <span class='ocrx_word' id='word_1_112' title='bbox 810 1562 921 1627; x_wconf 89' lang='lat' dir='ltr'>ipse</span> <span class='ocrx_word' id='word_1_113' title='bbox 962 1561 1261 1612; x_wconf 70' lang='lat' dir='ltr'>defenderat</span> <span class='ocrx_word' id='word_1_114' title='bbox 1302 1565 1353 1613; x_wconf 87' lang='lat' dir='ltr'>et</span> <span class='ocrx_word' id='word_1_115' title='bbox 1386 1563 1651 1628; x_wconf 80' lang='lat' dir='ltr'>Saducaei,</span> <span class='ocrx_word' id='word_1_116' title='bbox 1693 1581 1753 1615; x_wconf 90' lang='lat' dir='ltr'>ne</span> <span class='ocrx_word' id='word_1_117' title='bbox 1793 1567 1949 1616; x_wconf 88' lang='lat' dir='ltr'>talem</span> <span class='ocrx_word' id='word_1_118' title='bbox 1986 1584 2106 1633; x_wconf 90' lang='lat' dir='ltr'>quo-</span> 
     </span>
     <span class='ocr_line' id='line_1_16' title="bbox 231 1648 2177 1713; baseline 0.005 -15"><span class='ocrx_word' id='word_1_119' title='bbox 231 1663 328 1713; x_wconf 87' lang='lat' dir='ltr'>que</span> <span class='ocrx_word' id='word_1_120' title='bbox 370 1648 649 1711; x_wconf 74' lang='lat' dir='ltr'>crederent,</span> <span class='ocrx_word' id='word_1_121' title='bbox 696 1649 746 1698; x_wconf 93' lang='lat' dir='ltr'>in</span> <span class='ocrx_word' id='word_1_122' title='bbox 789 1651 959 1699; x_wconf 88' lang='grc'>10111111</span> <span class='ocrx_word' id='word_1_123' title='bbox 1002 1665 1115 1700; x_wconf 86' lang='grc'>6666</span> <span class='ocrx_word' id='word_1_124' title='bbox 1154 1651 1435 1702; x_wconf 83' lang='lat' dir='ltr'>noluerant.</span> <span class='ocrx_word' id='word_1_125' title='bbox 1485 1653 1573 1702; x_wconf 88' lang='lat' dir='ltr'>sed</span> <span class='ocrx_word' id='word_1_126' title='bbox 1620 1668 1712 1704; x_wconf 88' lang='grc'>1166</span> <span class='ocrx_word' id='word_1_127' title='bbox 1759 1654 2102 1706; x_wconf 87' lang='lat' dir='ltr'>Athenienses</span> <span class='ocrx_word' id='word_1_128' title='bbox 2141 1681 2177 1709; x_wconf 73' lang='lat'>15</span> 
     </span>
     <span class='ocr_line' id='line_1_17' title="bbox 229 1734 2103 1805; baseline 0.006 -22"><span class='ocrx_word' id='word_1_129' title='bbox 229 1734 384 1785; x_wconf 89' lang='lat' dir='ltr'>aliam</span> <span class='ocrx_word' id='word_1_130' title='bbox 430 1736 787 1787; x_wconf 80' lang='lat' dir='ltr'>intellexerant</span> <span class='ocrx_word' id='word_1_131' title='bbox 827 1753 854 1787; x_wconf 89' lang='lat' dir='ltr'>a</span> <span class='ocrx_word' id='word_1_132' title='bbox 893 1737 1054 1788; x_wconf 87' lang='lat' dir='ltr'>Paulo</span> <span class='ocrx_word' id='word_1_133' title='bbox 1103 1738 1350 1804; x_wconf 83' lang='lat' dir='ltr'>portendi.</span> <span class='ocrx_word' id='word_1_134' title='bbox 1400 1739 1619 1805; x_wconf 88' lang='lat' dir='ltr'>denique</span> <span class='ocrx_word' id='word_1_135' title='bbox 1668 1741 1956 1802; x_wconf 89' lang='lat' dir='ltr'>inriserant,</span> <span class='ocrx_word' id='word_1_136' title='bbox 2005 1759 2103 1794; x_wconf 92' lang='lat' dir='ltr'>non</span> 
     </span>
     <span class='ocr_line' id='line_1_18' title="bbox 227 1821 2100 1887; baseline 0.005 -16"><span class='ocrx_word' id='word_1_137' title='bbox 227 1821 433 1873; x_wconf 90' lang='lat' dir='ltr'>inrisuri</span> <span class='ocrx_word' id='word_1_138' title='bbox 475 1825 698 1887; x_wconf 83' lang='lat' dir='ltr'>omnino,</span> <span class='ocrx_word' id='word_1_139' title='bbox 751 1825 794 1874; x_wconf 87' lang='lat' dir='ltr'>si</span> <span class='ocrx_word' id='word_1_140' title='bbox 842 1824 1039 1875; x_wconf 87' lang='lat' dir='ltr'>animae</span> <span class='ocrx_word' id='word_1_141' title='bbox 1089 1826 1252 1877; x_wconf 87' lang='lat' dir='ltr'>solius</span> <span class='ocrx_word' id='word_1_142' title='bbox 1294 1828 1679 1879; x_wconf 87' lang='lat' dir='ltr'>restitutionem</span> <span class='ocrx_word' id='word_1_143' title='bbox 1728 1828 1788 1879; x_wconf 87' lang='lat' dir='ltr'>ab</span> <span class='ocrx_word' id='word_1_144' title='bbox 1832 1845 1888 1880; x_wconf 89' lang='grc'>60</span> <span class='ocrx_word' id='word_1_145' title='bbox 1931 1830 2100 1881; x_wconf 89' lang='lat' dir='ltr'>audis-</span> 
     </span>
     <span class='ocr_line' id='line_1_19' title="bbox 229 1912 2101 1983; baseline 0.004 -23"><span class='ocrx_word' id='word_1_146' title='bbox 229 1912 363 1972; x_wconf 87' lang='lat' dir='ltr'>sent;</span> <span class='ocrx_word' id='word_1_147' title='bbox 408 1913 764 1978; x_wconf 87' lang='lat' dir='ltr'>suscepissent</span> <span class='ocrx_word' id='word_1_148' title='bbox 804 1912 937 1963; x_wconf 89' lang='lat' dir='ltr'>enim</span> <span class='ocrx_word' id='word_1_149' title='bbox 970 1914 1273 1964; x_wconf 86' lang='lat' dir='ltr'>uernaculae</span> <span class='ocrx_word' id='word_1_150' title='bbox 1307 1931 1429 1966; x_wconf 90' lang='lat' dir='ltr'>suae</span> <span class='ocrx_word' id='word_1_151' title='bbox 1469 1916 1827 1982; x_wconf 85' lang='lat' dir='ltr'>philosophiae</span> <span class='ocrx_word' id='word_1_152' title='bbox 1867 1918 2101 1983; x_wconf 83' lang='lat' dir='ltr'>frequen-</span> 
     </span>
     <span class='ocr_line' id='line_1_20' title="bbox 227 1996 2100 2070; baseline 0.005 -23"><span class='ocrx_word' id='word_1_153' title='bbox 227 1996 410 2048; x_wconf 85' lang='lat' dir='ltr'>tiorem</span> <span class='ocrx_word' id='word_1_154' title='bbox 442 2000 930 2065; x_wconf 86' lang='lat' dir='ltr'>praesumptionem..</span> <span class='ocrx_word' id='word_1_155' title='bbox 966 2002 1017 2051; x_wconf 89' lang='lat' dir='ltr'>at</span> <span class='ocrx_word' id='word_1_156' title='bbox 1048 2001 1139 2051; x_wconf 81' lang='lat' dir='ltr'>ubi</span> <span class='ocrx_word' id='word_1_157' title='bbox 1171 2002 1272 2052; x_wconf 84' lang='lat' dir='ltr'>iarn</span> <span class='ocrx_word' id='word_1_158' title='bbox 1306 2004 1539 2055; x_wconf 90' lang='lat' dir='ltr'>nationes</span> <span class='ocrx_word' id='word_1_159' title='bbox 1572 2005 1901 2070; x_wconf 85' lang='lat' dir='ltr'>praeconium</span> <span class='ocrx_word' id='word_1_160' title='bbox 1933 2021 2100 2056; x_wconf 89' lang='lat' dir='ltr'>resur-</span> 
     </span>
     <span class='ocr_line' id='line_1_21' title="bbox 226 2085 2174 2160; baseline 0.005 -26"><span class='ocrx_word' id='word_1_161' title='bbox 226 2085 466 2136; x_wconf 80' lang='lat' dir='ltr'>rectionis</span> <span class='ocrx_word' id='word_1_162' title='bbox 498 2087 761 2138; x_wconf 87' lang='lat' dir='ltr'>inauditae</span> <span class='ocrx_word' id='word_1_163' title='bbox 800 2091 937 2139; x_wconf 85' lang='lat' dir='ltr'>retro</span> <span class='ocrx_word' id='word_1_164' title='bbox 969 2089 1084 2154; x_wconf 91' lang='lat' dir='ltr'>ipsa</span> <span class='ocrx_word' id='word_1_165' title='bbox 1115 2090 1348 2141; x_wconf 86' lang='lat' dir='ltr'>nouitate</span> <span class='ocrx_word' id='word_1_166' title='bbox 1381 2093 1646 2143; x_wconf 88' lang='lat' dir='ltr'>concussit</span> <span class='ocrx_word' id='word_1_167' title='bbox 1677 2095 1728 2143; x_wconf 88' lang='grc'>61</span> <span class='ocrx_word' id='word_1_168' title='bbox 1759 2093 1912 2160; x_wconf 87' lang='lat' dir='ltr'>digna</span> <span class='ocrx_word' id='word_1_169' title='bbox 1942 2094 2098 2144; x_wconf 86' lang='grc'>111616-</span> <span class='ocrx_word' id='word_1_170' title='bbox 2133 2122 2174 2154; x_wconf 82' lang='lat'>20</span> 
     </span>
     <span class='ocr_line' id='line_1_22' title="bbox 226 2171 2100 2247; baseline 0.006 -26"><span class='ocrx_word' id='word_1_171' title='bbox 226 2171 416 2224; x_wconf 87' lang='lat' dir='ltr'>dulitas</span> <span class='ocrx_word' id='word_1_172' title='bbox 461 2174 535 2225; x_wconf 88' lang='lat' dir='ltr'>rei</span> <span class='ocrx_word' id='word_1_173' title='bbox 582 2178 757 2226; x_wconf 87' lang='lat' dir='ltr'>tantae</span> <span class='ocrx_word' id='word_1_174' title='bbox 807 2177 1194 2241; x_wconf 86' lang='lat' dir='ltr'>quaestionibus</span> <span class='ocrx_word' id='word_1_175' title='bbox 1251 2179 1402 2229; x_wconf 86' lang='lat' dir='ltr'>fidem</span> <span class='ocrx_word' id='word_1_176' title='bbox 1451 2183 1689 2245; x_wconf 88' lang='lat' dir='ltr'>torquere</span> <span class='ocrx_word' id='word_1_177' title='bbox 1736 2181 1920 2247; x_wconf 85' lang='lat' dir='ltr'>coepit,</span> <span class='ocrx_word' id='word_1_178' title='bbox 1977 2185 2100 2233; x_wconf 87' lang='grc'>111116</span> 
     </span>
     <span class='ocr_line' id='line_1_23' title="bbox 226 2262 2100 2334; baseline 0.004 -23"><span class='ocrx_word' id='word_1_179' title='bbox 226 2262 276 2310; x_wconf 85' lang='grc'>61</span> <span class='ocrx_word' id='word_1_180' title='bbox 317 2263 584 2326; x_wconf 87' lang='lat' dir='ltr'>apostolus</span> <span class='ocrx_word' id='word_1_181' title='bbox 625 2278 715 2328; x_wconf 89' lang='lat' dir='ltr'>per</span> <span class='ocrx_word' id='word_1_182' title='bbox 753 2265 923 2314; x_wconf 86' lang='lat' dir='ltr'>totum</span> <span class='ocrx_word' id='word_1_183' title='bbox 964 2280 1124 2330; x_wconf 87' lang='lat' dir='ltr'>paene</span> <span class='ocrx_word' id='word_1_184' title='bbox 1165 2266 1567 2317; x_wconf 84' lang='lat' dir='ltr'>instrumentum</span> <span class='ocrx_word' id='word_1_185' title='bbox 1600 2266 1753 2318; x_wconf 88' lang='lat' dir='ltr'>fidem</span> <span class='ocrx_word' id='word_1_186' title='bbox 1794 2268 1949 2318; x_wconf 88' lang='lat' dir='ltr'>huius</span> <span class='ocrx_word' id='word_1_187' title='bbox 1991 2269 2100 2334; x_wconf 90' lang='lat' dir='ltr'>spei</span> 
     </span>
     <span class='ocr_line' id='line_1_24' title="bbox 225 2349 2097 2413; baseline 0.004 -15"><span class='ocrx_word' id='word_1_188' title='bbox 225 2349 547 2400; x_wconf 87' lang='lat' dir='ltr'>corroborare</span> <span class='ocrx_word' id='word_1_189' title='bbox 590 2351 808 2413; x_wconf 87' lang='lat' dir='ltr'>curauit,</span> <span class='ocrx_word' id='word_1_190' title='bbox 853 2355 904 2401; x_wconf 92' lang='lat' dir='ltr'>et</span> <span class='ocrx_word' id='word_1_191' title='bbox 944 2368 1056 2403; x_wconf 90' lang='lat' dir='ltr'>esse</span> <span class='ocrx_word' id='word_1_192' title='bbox 1099 2369 1209 2402; x_wconf 89' lang='lat' dir='ltr'>eam</span> <span class='ocrx_word' id='word_1_193' title='bbox 1251 2354 1527 2405; x_wconf 78' lang='lat' dir='ltr'>ostendens</span> <span class='ocrx_word' id='word_1_194' title='bbox 1577 2358 1627 2406; x_wconf 92' lang='lat' dir='ltr'>et</span> <span class='ocrx_word' id='word_1_195' title='bbox 1665 2355 1889 2406; x_wconf 89' lang='lat' dir='ltr'>nondum</span> <span class='ocrx_word' id='word_1_196' title='bbox 1937 2359 2097 2406; x_wconf 86' lang='lat' dir='ltr'>trans-</span> 
     </span>
     <span class='ocr_line' id='line_1_25' title="bbox 220 2438 2097 2510; baseline 0.005 -24"><span class='ocrx_word' id='word_1_197' title='bbox 220 2439 390 2486; x_wconf 79' lang='lat' dir='ltr'>actam</span> <span class='ocrx_word' id='word_1_198' title='bbox 440 2440 505 2490; x_wconf 88' lang='lat' dir='ltr'>et.</span> <span class='ocrx_word' id='word_1_199' title='bbox 564 2438 623 2489; x_wconf 91' lang='lat' dir='ltr'>de</span> <span class='ocrx_word' id='word_1_200' title='bbox 682 2455 780 2504; x_wconf 92' lang='lat' dir='ltr'>quo</span> <span class='ocrx_word' id='word_1_201' title='bbox 836 2440 1004 2506; x_wconf 89' lang='lat' dir='ltr'>magis</span> <span class='ocrx_word' id='word_1_202' title='bbox 1054 2441 1410 2505; x_wconf 86' lang='lat' dir='ltr'>quaerebatur,</span> <span class='ocrx_word' id='word_1_203' title='bbox 1467 2444 1783 2510; x_wconf 87' lang='lat' dir='ltr'>corporalem</span> <span class='ocrx_word' id='word_1_204' title='bbox 1840 2447 1905 2504; x_wconf 91' lang='lat' dir='ltr'>et,</span> <span class='ocrx_word' id='word_1_205' title='bbox 1962 2444 2097 2509; x_wconf 87' lang='lat' dir='ltr'>quod</span> 
     </span>
     <span class='ocr_line' id='line_1_26' title="bbox 222 2523 2170 2595; baseline 0.005 -22"><span class='ocrx_word' id='word_1_206' title='bbox 222 2523 432 2590; x_wconf 86' lang='lat' dir='ltr'>insuper</span> <span class='ocrx_word' id='word_1_207' title='bbox 471 2525 819 2589; x_wconf 78' lang='lat' dir='ltr'>dubitabatur,</span> <span class='ocrx_word' id='word_1_208' title='bbox 861 2543 959 2577; x_wconf 91' lang='lat' dir='ltr'>non</span> <span class='ocrx_word' id='word_1_209' title='bbox 1001 2528 1148 2578; x_wconf 87' lang='lat' dir='ltr'>aliter</span> <span class='ocrx_word' id='word_1_210' title='bbox 1189 2530 1518 2595; x_wconf 84' lang='lat' dir='ltr'>corporalem.</span> <span class='ocrx_word' id='word_1_211' title='bbox 2128 2565 2170 2594; x_wconf 78' lang='lat'>25</span> 
     </span>
     <span class='ocr_line' id='line_1_27' title="bbox 240 2598 2095 2685; baseline 0.004 -24"><span class='ocrx_word' id='word_1_212' title='bbox 240 2673 243 2676; x_wconf 80' lang='lat'>.</span> <span class='ocrx_word' id='word_1_213' title='bbox 296 2613 381 2662; x_wconf 84' lang='lat'>40.</span> <span class='ocrx_word' id='word_1_214' title='bbox 414 2613 558 2664; x_wconf 90' lang='lat' dir='ltr'>Nihil</span> <span class='ocrx_word' id='word_1_215' title='bbox 600 2617 771 2666; x_wconf 84' lang='lat' dir='ltr'>autem</span> <span class='ocrx_word' id='word_1_216' title='bbox 812 2598 1017 2677; x_wconf 80' lang='lat' dir='ltr'>mirum,</span> <span class='ocrx_word' id='word_1_217' title='bbox 1053 2617 1097 2666; x_wconf 92' lang='lat' dir='ltr'>si</span> <span class='ocrx_word' id='word_1_218' title='bbox 1131 2620 1181 2667; x_wconf 89' lang='lat' dir='ltr'>et</span> <span class='ocrx_word' id='word_1_219' title='bbox 1222 2633 1279 2668; x_wconf 80' lang='lat' dir='ltr'>ex</span> <span class='ocrx_word' id='word_1_220' title='bbox 1310 2618 1475 2683; x_wconf 85' lang='lat' dir='ltr'>ipsius</span> <span class='ocrx_word' id='word_1_221' title='bbox 1508 2619 1848 2671; x_wconf 88' lang='lat' dir='ltr'>instrumento</span> <span class='ocrx_word' id='word_1_222' title='bbox 1891 2622 2095 2685; x_wconf 89' lang='lat' dir='ltr'>captan-</span> 
     </span>
     <span class='ocr_line' id='line_1_28' title="bbox 220 2701 2092 2773; baseline 0.005 -23"><span class='ocrx_word' id='word_1_223' title='bbox 220 2701 306 2750; x_wconf 83' lang='lat' dir='ltr'>tur</span> <span class='ocrx_word' id='word_1_224' title='bbox 361 2705 679 2768; x_wconf 87' lang='lat' dir='ltr'>argumenta,</span> <span class='ocrx_word' id='word_1_225' title='bbox 731 2719 848 2754; x_wconf 88' lang='lat' dir='ltr'>cum</span> <span class='ocrx_word' id='word_1_226' title='bbox 897 2708 1133 2770; x_wconf 90' lang='lat' dir='ltr'>oporteat</span> <span class='ocrx_word' id='word_1_227' title='bbox 1179 2706 1416 2757; x_wconf 88' lang='lat' dir='ltr'>haereses</span> <span class='ocrx_word' id='word_1_228' title='bbox 1465 2723 1600 2767; x_wconf 84' lang='lat' dir='ltr'>esse;</span> <span class='ocrx_word' id='word_1_229' title='bbox 1652 2723 1780 2773; x_wconf 91' lang='lat' dir='ltr'>quae</span> <span class='ocrx_word' id='word_1_230' title='bbox 1829 2724 1941 2759; x_wconf 88' lang='lat' dir='ltr'>esse</span> <span class='ocrx_word' id='word_1_231' title='bbox 1996 2724 2092 2760; x_wconf 91' lang='lat' dir='ltr'>non</span> 
     </span>
     <span class='ocr_line' id='line_1_29' title="bbox 221 2790 2093 2862; baseline 0.005 -25"><span class='ocrx_word' id='word_1_232' title='bbox 221 2792 449 2854; x_wconf 85' lang='lat' dir='ltr'>possent,</span> <span class='ocrx_word' id='word_1_233' title='bbox 484 2790 528 2839; x_wconf 91' lang='lat' dir='ltr'>si</span> <span class='ocrx_word' id='word_1_234' title='bbox 560 2806 658 2841; x_wconf 89' lang='lat' dir='ltr'>non</span> <span class='ocrx_word' id='word_1_235' title='bbox 695 2794 745 2841; x_wconf 90' lang='lat' dir='ltr'>et</span> <span class='ocrx_word' id='word_1_236' title='bbox 775 2807 1041 2858; x_wconf 88' lang='lat' dir='ltr'>perperam</span> <span class='ocrx_word' id='word_1_237' title='bbox 1076 2794 1359 2859; x_wconf 89' lang='lat' dir='ltr'>scripturae</span> <span class='ocrx_word' id='word_1_238' title='bbox 1393 2795 1626 2862; x_wconf 84' lang='lat' dir='ltr'>intellegi</span> <span class='ocrx_word' id='word_1_239' title='bbox 1651 2798 1879 2862; x_wconf 89' lang='lat' dir='ltr'>possent.</span> <span class='ocrx_word' id='word_1_240' title='bbox 1916 2799 2093 2847; x_wconf 89' lang='lat' dir='ltr'>nactae</span> 
     </span>
     <span class='ocr_line' id='line_1_30' title="bbox 222 2874 2092 2950; baseline 0.004 -24"><span class='ocrx_word' id='word_1_241' title='bbox 222 2874 440 2942; x_wconf 88' lang='lat' dir='ltr'>denique</span> <span class='ocrx_word' id='word_1_242' title='bbox 480 2878 717 2930; x_wconf 89' lang='lat' dir='ltr'>haereses</span> <span class='ocrx_word' id='word_1_243' title='bbox 752 2879 881 2931; x_wconf 89' lang='lat' dir='ltr'>duos</span> <span class='ocrx_word' id='word_1_244' title='bbox 914 2881 1149 2933; x_wconf 90' lang='lat' dir='ltr'>homines</span> <span class='ocrx_word' id='word_1_245' title='bbox 1183 2882 1244 2932; x_wconf 91' lang='lat' dir='ltr'>ab</span> <span class='ocrx_word' id='word_1_246' title='bbox 1280 2883 1513 2948; x_wconf 87' lang='lat' dir='ltr'>apostolo</span> <span class='ocrx_word' id='word_1_247' title='bbox 1557 2884 1739 2947; x_wconf 74' lang='lat' dir='ltr'>editos,</span> <span class='ocrx_word' id='word_1_248' title='bbox 1778 2884 2092 2950; x_wconf 89' lang='lat' dir='ltr'>interiorem,</span> 
     </span>
    </p>
   </div>
   <div class='ocr_carea' id='block_1_3' title="bbox 219 3005 2089 3143">
    <p class='ocr_par' dir='ltr' id='par_1_3' title="bbox 219 3005 2089 3143">
     <span class='ocr_line' id='line_1_31' title="bbox 369 3005 2089 3069; baseline 0.006 -22"><span class='ocrx_word' id='word_1_249' title='bbox 369 3008 408 3062; x_wconf 90' lang='lat'>1]</span> <span class='ocrx_word' id='word_1_250' title='bbox 444 3005 539 3049; x_wconf 88' lang='lat' dir='ltr'>Act.</span> <span class='ocrx_word' id='word_1_251' title='bbox 573 3008 650 3063; x_wconf 51' lang='lat'>23,</span> <span class='ocrx_word' id='word_1_252' title='bbox 676 3009 715 3051; x_wconf 88' lang='grc'>6.</span> <span class='ocrx_word' id='word_1_253' title='bbox 807 3010 851 3064; x_wconf 83' lang='grc'>8]</span> <span class='ocrx_word' id='word_1_254' title='bbox 888 3010 941 3052; x_wconf 85' lang='lat' dir='ltr'>cf.</span> <span class='ocrx_word' id='word_1_255' title='bbox 977 3013 1071 3053; x_wconf 86' lang='lat' dir='ltr'>Act.</span> <span class='ocrx_word' id='word_1_256' title='bbox 1105 3012 1173 3065; x_wconf 85' lang='grc'>26,</span> <span class='ocrx_word' id='word_1_257' title='bbox 1205 3012 1274 3054; x_wconf 93' lang='grc'>22.</span> <span class='ocrx_word' id='word_1_258' title='bbox 1370 3013 1440 3068; x_wconf 90' lang='grc'>11]</span> <span class='ocrx_word' id='word_1_259' title='bbox 1476 3012 1528 3055; x_wconf 84' lang='lat' dir='ltr'>cf.</span> <span class='ocrx_word' id='word_1_260' title='bbox 1555 3016 1650 3056; x_wconf 86' lang='lat' dir='ltr'>Act.</span> <span class='ocrx_word' id='word_1_261' title='bbox 1683 3015 1752 3065; x_wconf 85' lang='grc'>26,</span> <span class='ocrx_word' id='word_1_262' title='bbox 1785 3014 1861 3069; x_wconf 73' lang='lat'>223</span> <span class='ocrx_word' id='word_1_263' title='bbox 1896 3014 1948 3057; x_wconf 85' lang='lat' dir='ltr'>cf.</span> <span class='ocrx_word' id='word_1_264' title='bbox 1983 3014 2089 3058; x_wconf 86' lang='lat' dir='ltr'>Gen.</span> 
     </span>
     <span class='ocr_line' id='line_1_32' title="bbox 219 3073 2089 3143; baseline 0.004 -21"><span class='ocrx_word' id='word_1_265' title='bbox 219 3080 258 3133; x_wconf 83' lang='lat'>9,</span> <span class='ocrx_word' id='word_1_266' title='bbox 285 3073 324 3123; x_wconf 77' lang='grc'>5.</span> <span class='ocrx_word' id='word_1_267' title='bbox 419 3082 489 3136; x_wconf 79' lang='lat'>15]</span> <span class='ocrx_word' id='word_1_268' title='bbox 519 3082 570 3133; x_wconf 83' lang='lat' dir='ltr'>cf.</span> <span class='ocrx_word' id='word_1_269' title='bbox 596 3082 692 3125; x_wconf 86' lang='lat' dir='ltr'>Act.</span> <span class='ocrx_word' id='word_1_270' title='bbox 724 3085 788 3138; x_wconf 76' lang='lat'>17,</span> <span class='ocrx_word' id='word_1_271' title='bbox 815 3084 883 3126; x_wconf 88' lang='grc'>32.</span> <span class='ocrx_word' id='word_1_272' title='bbox 977 3085 1049 3139; x_wconf 86' lang='grc'>27]</span> <span class='ocrx_word' id='word_1_273' title='bbox 1079 3085 1131 3128; x_wconf 87' lang='lat' dir='ltr'>cf.</span> <span class='ocrx_word' id='word_1_274' title='bbox 1157 3086 1178 3128; x_wconf 90' lang='grc' dir='ltr'>Ι</span> <span class='ocrx_word' id='word_1_275' title='bbox 1204 3086 1301 3130; x_wconf 83' lang='lat' dir='ltr'>Cor.</span> <span class='ocrx_word' id='word_1_276' title='bbox 1331 3087 1397 3141; x_wconf 87' lang='lat'>11,</span> <span class='ocrx_word' id='word_1_277' title='bbox 1428 3088 1492 3129; x_wconf 87' lang='grc'>19.</span> <span class='ocrx_word' id='word_1_278' title='bbox 1584 3088 1657 3143; x_wconf 83' lang='grc'>29]</span> <span class='ocrx_word' id='word_1_279' title='bbox 1688 3088 1740 3130; x_wconf 84' lang='lat' dir='ltr'>cf.</span> <span class='ocrx_word' id='word_1_280' title='bbox 1765 3088 1805 3130; x_wconf 87' lang='grc' dir='ltr'>ΙΙ</span> <span class='ocrx_word' id='word_1_281' title='bbox 1837 3087 1931 3131; x_wconf 85' lang='lat' dir='ltr'>Cor.</span> <span class='ocrx_word' id='word_1_282' title='bbox 1954 3089 1994 3139; x_wconf 88' lang='grc'>4,</span> <span class='ocrx_word' id='word_1_283' title='bbox 2023 3089 2089 3131; x_wconf 87' lang='lat'>16.</span> 
     </span>
    </p>
   </div>
   <div class='ocr_carea' id='block_1_4' title="bbox 221 3183 2090 3320">
    <p class='ocr_par' dir='ltr' id='par_1_4' title="bbox 221 3183 2090 3320">
     <span class='ocr_line' id='line_1_33' title="bbox 277 3183 2090 3248; baseline 0.006 -24"><span class='ocrx_word' id='word_1_284' title='bbox 277 3183 302 3224; x_wconf 88' lang='grc'><strong>3</strong></span> <span class='ocrx_word' id='word_1_285' title='bbox 336 3186 566 3240; x_wconf 82' lang='lat' dir='ltr'>communi,</span> <span class='ocrx_word' id='word_1_286' title='bbox 600 3200 654 3228; x_wconf 86' lang='lat' dir='ltr'>ne</span> <span class='ocrx_word' id='word_1_287' title='bbox 687 3187 791 3242; x_wconf 85' lang='lat' dir='ltr'>quia</span> <span class='ocrx_word' id='word_1_288' title='bbox 819 3187 924 3230; x_wconf 77' lang='lat' dir='ltr'>Gel:</span> <span class='ocrx_word' id='word_1_289' title='bbox 956 3191 1171 3231; x_wconf 86' lang='lat' dir='ltr'>communi</span> <span class='ocrx_word' id='word_1_290' title='bbox 1208 3190 1310 3244; x_wconf 84' lang='lat' dir='ltr'>quia</span> <span class='ocrx_word' id='word_1_291' title='bbox 1342 3190 1495 3244; x_wconf 81' lang='lat' dir='ltr'>PMF,</span> <span class='ocrx_word' id='word_1_292' title='bbox 1531 3191 1834 3233; x_wconf 87' lang='lat' dir='ltr'>communione</span> <span class='ocrx_word' id='word_1_293' title='bbox 1868 3205 1953 3247; x_wconf 89' lang='lat' dir='ltr'>qua</span> <span class='ocrx_word' id='word_1_294' title='bbox 1975 3193 2090 3248; x_wconf 69' lang='lat' dir='ltr'>Bmy</span> 
     </span>
     <span class='ocr_line' id='line_1_34' title="bbox 221 3256 2087 3320; baseline 0.006 -23"><span class='ocrx_word' id='word_1_295' title='bbox 221 3256 273 3297; x_wconf 84' lang='lat'>15</span> <span class='ocrx_word' id='word_1_296' title='bbox 305 3270 385 3299; x_wconf 90' lang='lat' dir='ltr'>nec</span> <span class='ocrx_word' id='word_1_297' title='bbox 417 3271 497 3300; x_wconf 85' lang='lat' dir='ltr'>om.</span> <span class='ocrx_word' id='word_1_298' title='bbox 531 3259 576 3300; x_wconf 91' lang='lat' dir='ltr'><strong><em>P</em></strong></span> <span class='ocrx_word' id='word_1_299' title='bbox 606 3259 731 3310; x_wconf 73' lang='lat' dir='ltr'>(add.</span> <span class='ocrx_word' id='word_1_300' title='bbox 756 3260 800 3302; x_wconf 78' lang='lat' dir='ltr'><em>R</em></span> <span class='ocrx_word' id='word_1_301' title='bbox 832 3275 885 3303; x_wconf 71' lang='lat' dir='ltr'>ea&gt;</span> <span class='ocrx_word' id='word_1_302' title='bbox 907 3261 1245 3316; x_wconf 65' lang='lat' dir='ltr'>Hirsauyz&#39;ensz)</span> <span class='ocrx_word' id='word_1_303' title='bbox 1338 3263 1390 3305; x_wconf 88' lang='lat'>19</span> <span class='ocrx_word' id='word_1_304' title='bbox 1422 3264 1495 3306; x_wconf 88' lang='lat' dir='ltr'>ubi</span> <span class='ocrx_word' id='word_1_305' title='bbox 1530 3265 1615 3305; x_wconf 88' lang='lat' dir='ltr'>iam</span> <span class='ocrx_word' id='word_1_306' title='bbox 1640 3264 1747 3306; x_wconf 84' lang='lat' dir='ltr'>MF</span> <span class='ocrx_word' id='word_1_307' title='bbox 1789 3265 1865 3306; x_wconf 92' lang='lat' dir='ltr'>ubi</span> <span class='ocrx_word' id='word_1_308' title='bbox 1896 3265 2087 3320; x_wconf 28' lang='lat' dir='ltr'>Puultqo</span> 
     </span>
    </p>
   </div>
   <div class='ocr_carea' id='block_1_5' title="bbox 217 3299 2088 3519">
    <p class='ocr_par' dir='ltr' id='par_1_5' title="bbox 217 3299 2088 3519">
     <span class='ocr_line' id='line_1_35' title="bbox 217 3299 2088 3392; baseline 0.006 -22"><span class='ocrx_word' id='word_1_309' title='bbox 217 3329 273 3372; x_wconf 88' lang='grc'>20</span> <span class='ocrx_word' id='word_1_310' title='bbox 307 3329 440 3385; x_wconf 89' lang='lat' dir='ltr'>digne</span> <span class='ocrx_word' id='word_1_311' title='bbox 480 3333 552 3385; x_wconf 60' lang='grc' dir='ltr'>(ει</span> <span class='ocrx_word' id='word_1_312' title='bbox 591 3334 703 3386; x_wconf 70' lang='lat' dir='ltr'>iure,</span> <span class='ocrx_word' id='word_1_313' title='bbox 737 3334 1182 3389; x_wconf 72' lang='lat' dir='ltr'>beyrezflicherweise)</span> <span class='ocrx_word' id='word_1_314' title='bbox 1212 3349 1330 3390; x_wconf 77' lang='lat' dir='ltr'>susp.</span> <span class='ocrx_word' id='word_1_315' title='bbox 1363 3336 1466 3391; x_wconf 70' lang='lat' dir='ltr'>Eny</span> <span class='ocrx_word' id='word_1_316' title='bbox 1555 3337 1606 3379; x_wconf 88' lang='grc'>21</span> <span class='ocrx_word' id='word_1_317' title='bbox 1641 3299 1846 3392; x_wconf 77' lang='lat' dir='ltr'>torqiiere</span> <span class='ocrx_word' id='word_1_318' title='bbox 1878 3338 2088 3381; x_wconf 75' lang='lat' dir='ltr'>MFGel:</span> 
     </span>
     <span class='ocr_line' id='line_1_36' title="bbox 218 3404 2085 3466; baseline 0.006 -23"><span class='ocrx_word' id='word_1_319' title='bbox 218 3404 473 3457; x_wconf 75' lang='lat' dir='ltr'>extorquere</span> <span class='ocrx_word' id='word_1_320' title='bbox 505 3404 548 3444; x_wconf 91' lang='lat' dir='ltr'><em>P</em></span> <span class='ocrx_word' id='word_1_321' title='bbox 650 3406 705 3447; x_wconf 89' lang='grc'>26</span> <span class='ocrx_word' id='word_1_322' title='bbox 739 3409 973 3462; x_wconf 83' lang='lat' dir='ltr'>captantur</span> <span class='ocrx_word' id='word_1_323' title='bbox 1003 3407 1115 3462; x_wconf 83' lang='lat' dir='ltr'>MF,</span> <span class='ocrx_word' id='word_1_324' title='bbox 1150 3410 1385 3464; x_wconf 89' lang='lat' dir='ltr'>captentur</span> <span class='ocrx_word' id='word_1_325' title='bbox 1414 3409 1606 3466; x_wconf 73' lang='lat' dir='ltr'>Puulyo</span> <span class='ocrx_word' id='word_1_326' title='bbox 1706 3410 1760 3452; x_wconf 81' lang='lat'>28</span> <span class='ocrx_word' id='word_1_327' title='bbox 1791 3414 1946 3453; x_wconf 86' lang='lat' dir='ltr'>nactae</span> <span class='ocrx_word' id='word_1_328' title='bbox 1983 3411 2085 3454; x_wconf 68' lang='lat' dir='ltr'>Ger.-</span> 
     </span>
     <span class='ocr_line' id='line_1_37' title="bbox 217 3476 526 3519; baseline 0.013 -4"><span class='ocrx_word' id='word_1_329' title='bbox 217 3477 347 3517; x_wconf 85' lang='lat' dir='ltr'>natae</span> <span class='ocrx_word' id='word_1_330' title='bbox 379 3476 526 3519; x_wconf 86' lang='lat' dir='ltr'>PMF</span> 
     </span>
    </p>
   </div>
  </div>
 </body>
</html>
