2340 3658
281 195 384 245 608
656 189 846 241 Quinti
881 189 1112 244 Septimi
1142 188 1419 231 Florentis
1451 187 1784 232 Tertulliani

281 352 416 420 gelio
470 350 636 401 filium
690 348 912 400 hominis
969 347 1179 398 adhibet
1240 346 1520 409 Christum,
1577 350 1628 397 et
1679 349 1937 399 hominem
1993 354 2043 402 et
2094 352 2146 403 in

279 439 490 489 homine
530 436 694 487 Adam
738 451 854 486 eum
887 450 1069 501 negare
1102 450 1201 485 non
1233 434 1437 500 poterit.
1479 435 1749 499 sequentia
1786 453 1988 503 quoque
2030 455 2146 490 eum

282 526 646 591 comprimunt.
681 539 797 574 eum
832 523 966 574 enim
1000 522 1126 573 dicit
1158 521 1451 587 apostolus:
1488 522 1688 587 qualis
1730 523 1829 588 qui
1871 524 1937 575 de
1970 528 2146 590 terra,

282 615 436 665 homo
486 612 706 671 seilicet,
762 611 922 662 tales
980 614 1039 661 et
1082 609 1327 670 terreni,
1382 609 1616 661 homines
1661 611 1859 677 utique,
1908 628 2024 680 ergo
2073 618 2144 666 et:

285 701 491 768 qualis
526 699 729 766 quide
764 699 930 750 eaelo
962 698 1135 759 home,
1174 697 1334 748 tales
1376 700 1434 748 et
1467 697 1566 762 qui
1601 697 1667 749 de
1701 699 1863 750 eaelo
1897 699 2145 754 homines.
2201 718 2219 748 5

283 806 384 840 non
432 789 568 840 enim
615 789 816 855 poterat
862 786 1156 838 hominibus
1202 784 1415 835 terrenis
1463 800 1561 836 non
1614 785 1846 837 homines
1901 789 2148 841 caelestes

284 877 609 943 opposuisse,
663 878 724 925 ut
779 877 973 925 statum
1026 888 1082 923 30
1146 888 1291 938 spem
1354 872 1638 923 studiosius
1701 873 2041 941 distingueret
2097 877 2149 927 in

286 963 649 1032 appellationis
692 962 957 1014 societate.
1001 963 1139 1012 statu
1180 963 1315 1011 enim
1355 975 1413 1011 ao
1454 976 1541 1026 spe
1583 960 1709 1012 dioit
1737 965 1965 1014 terrenos
1998 967 2150 1030 atque

285 1055 554 1114 caelesteS,
605 1051 839 1102 homines
886 1054 1056 1101 tamen
1105 1066 1161 1100 ex
1199 1050 1324 1116 pari,
1381 1049 1468 1115 qui
1508 1050 1791 1100 seeundum
1832 1051 2022 1101 exitum
2063 1055 2152 1102 aut

285 1142 336 1192 in
377 1141 541 1192 Adam
583 1142 672 1190 aut
710 1139 762 1189 in
798 1138 1001 1190 Christo
1043 1137 1369 1203 deputantur.
1414 1140 1464 1188 et
1501 1137 1615 1188 ideo
1648 1137 1750 1187 iam
1783 1137 1846 1188 ad
1879 1139 2149 1190 exhortati·
2181 1156 2222 1186 ιο

287 1245 435 1280 ouem
479 1227 590 1293 spei
632 1227 896 1278 caelestis:
947 1226 1113 1277 siout
1150 1226 1553 1291 portauimus,
1600 1226 1782 1292 inquit,
1829 1227 2151 1294 imaginem

287 1317 541 1377 terreni,
597 1318 913 1380 portemus
969 1318 1026 1364 et
1078 1314 1404 1381 imaginem
1446 1314 1753 1375 caelestiS,
1796 1331 1892 1365 non
1935 1316 1997 1366 ad
2037 1316 2153 1366 sub-

289 1405 537 1456 stantiam
577 1403 724 1454 illam
763 1403 989 1453 referens
1029 1402 1433 1463 resurrectionis,
1477 1402 1566 1453 sed
1605 1403 1667 1452 ad
1705 1404 1988 1469 praesentis
2027 1407 2154 1454 tem-

289 1492 429 1558 poris
480 1491 824 1556 disciplinam.
867 1492 1167 1556 ‘portemus'
1209 1491 1358 1552 enim,
1405 1490 1588 1555 inquit,
1636 1506 1734 1541 non
1782 1492 2153 1555 portabimus:

289 1581 637 1646 praeceptiue,
677 1594 775 1629 non
816 1578 1145 1643 promissiue,
1186 1579 1364 1629 uolens
1404 1594 1495 1629 nos
1531 1579 1806 1644 sicutipse
1836 1579 2050 1630 incessit
2082 1579 2155 1630 ita
2186 1595 2227 1625 15

288 1667 543 1729 incedere,
586 1670 636 1717 et
675 1683 703 1717 a
740 1667 942 1728 terreni,
988 1667 1041 1717 id
1083 1670 1162 1718 est
1200 1666 1408 1728 ueteris,
1456 1666 1680 1717 hominis
1718 1667 1942 1734 imagine
1982 1666 2154 1718 absee-

294 1756 429 1817 dere,
472 1771 599 1821 quae
641 1759 721 1806 est
760 1755 976 1805 earnalis
1012 1755 1255 1821 operatio.
1297 1755 1517 1821 denique
1551 1754 1673 1821 quid
1707 1755 2004 1821 subiungit?
2044 1756 2154 1806 hoe

292 1843 450 1894 enim
506 1842 660 1904 dico,
716 1843 960 1905 fratres,
1018 1843 1157 1908 quia
1206 1858 1339 1894 03Υο
1389 1846 1440 1893 et
1480 1843 1729 1909 sanguis
1769 1858 2018 1909 regnum
2060 1843 2154 1894 dei

291 1947 404 1982 non
444 1930 873 1995 possidebunt,
917 1946 1068 1996 opera
1107 1930 1310 1981 scilicet
1350 1930 1514 1981 earnis
1556 1932 1606 1981 et
1644 1930 1926 1997 sanguinis,
1969 1930 2155 1995 quibus

293 2022 346 2069 et
400 2018 464 2069 ad
505 2017 714 2069 Galatas
764 2018 993 2069 scribens
1042 2018 1261 2069 abstulit
1307 2018 1388 2068 dei
1426 2034 1657 2085 regnum,
1715 2018 1900 2071 solitus
1942 2022 1993 2070 et
2031 2019 2155 2070 alias
2187 2034 2228 2063 20

293 2106 643 2158 substantiam
696 2122 785 2172 pro
844 2107 1083 2172 operibus
1139 2106 1457 2157 substantiae
1511 2122 1713 2173 ponere,
1767 2108 1828 2157 ut
1872 2121 1987 2158 oum
2035 2106 2159 2158 dicit

293 2210 401 2256 eOS,
449 2194 536 2260 qui
581 2195 631 2244 in
675 2209 820 2245 earne
861 2197 997 2257 sunt,
1054 2195 1145 2246 deo
1186 2195 1385 2260 plaeere
1422 2211 1522 2245 non
1560 2210 1728 2259 posse.
1783 2195 1981 2260 quando
2023 2195 2156 2246 enim

293 2283 497 2348 plaeere
537 2282 825 2348 poterimus
868 2282 979 2345 de0,
1033 2283 1133 2334 nisi
1174 2283 1296 2333 dum
1335 2284 1385 2333 in
1427 2299 1572 2334 earne
1612 2283 1707 2333 hao
1747 2286 1961 2334 sumus?
2017 2283 2157 2334 aliud.

293 2375 502 2436 tempus
522 2371 829 2436 operationis
849 2371 1068 2433 nullum,
1090 2370 1280 2436 opinor,
1302 2374 1395 2422 est.
1422 2370 1511 2423 sed
1530 2371 1589 2433 si,
1609 2372 1657 2421 in
1678 2386 1821 2421 earne
1850 2386 2155 2436 quamquam

294 2458 584 2518 constituti,
627 2458 793 2509 carnis
844 2474 996 2524 opera
1041 2459 1318 2525 fugiamus,
1365 2462 1478 2509 tum
1526 2476 1623 2511 non
1672 2460 1860 2509 erimus
1899 2459 1951 2509 in
1993 2474 2154 2520 earne,
2188 2473 2230 2504 25

293 2547 419 2597 dum
452 2562 549 2597 non
582 2547 631 2597 in
669 2547 963 2598 substantia
994 2548 1156 2599 carnis
1191 2564 1287 2599 non
1323 2563 1521 2610 sumUS,
1564 2547 1653 2598 sed
1682 2548 1734 2598 in
1770 2548 1933 2613 eulpa.
1976 2546 2158 2612 quodsi

292 2636 345 2686 in
408 2634 610 2685 nomine
668 2635 834 2687 carnis
889 2651 1057 2703 opera,
1130 2651 1228 2687 non
1292 2637 1637 2688 substantiam
1700 2635 1861 2687 earnis
1921 2635 2158 2688 iubemur

296 2736 562 2787 exponere,
621 2723 859 2788 operibus
918 2739 1035 2790 ergo
1091 2724 1271 2786 carniS,
1340 2740 1436 2774 non
1504 2724 1822 2774 substantiae
1885 2722 2046 2773 earnis
2107 2722 2156 2772 in

447 2951 580 3006 3—5]
614 2951 635 2993 I
667 2950 765 2994 Cor.
800 2952 865 3000 15,
897 2952 967 2994 48.
1096 2953 1167 3007 11]
1202 2953 1223 2995 Ι
1255 2951 1350 2996 Cor.
1385 2953 1451 3003 15,
1483 2953 1552 2995 49.
1705 2953 1771 3008 17]
1805 2952 1826 2995 Ι
1858 2951 1954 2996 Cor.
1989 2952 2055 3004 15,
2088 2951 2156 2995 50.

297 3023 370 3078 20]
406 3023 459 3067 cf.
495 3023 590 3067 Gal.
625 3027 663 3075 5,
701 3026 883 3068 19-21.
974 3026 1047 3080 22]
1084 3026 1136 3068 cf.
1167 3026 1290 3069 Rom.
1323 3026 1361 3076 8,
1396 3027 1434 3069 8.

362 3171 381 3211 1
419 3168 623 3212 athibent
653 3169 714 3211 M
829 3168 1049 3213 Christum
1084 3173 1128 3212 et
1159 3171 1393 3224 hominem,
1428 3174 1471 3213 et
1493 3172 1629 3227 uulyo
1720 3172 1745 3213 2
1778 3184 1948 3226 quoque
1981 3184 2077 3212 eum
2100 3169 2157 3225 R,

301 3255 400 3284 eum
435 3256 609 3298 quoque
641 3243 699 3285 M
786 3244 812 3285 9
845 3243 1056 3286 caelestes
1087 3244 1300 3294 homines,
1333 3246 1481 3286 tamen
1512 3245 1649 3299 uulyo
1747 3244 1797 3286 11
1832 3245 1925 3299 spei
1958 3243 2159 3286 caelestis

294 3315 605 3370 <conuersus>
622 3317 736 3370 fort.
875 3317 926 3358 13
958 3313 1080 3359 illam
1112 3317 1295 3371 scripsi:
1332 3317 1467 3359 ullam
1497 3317 1598 3360 MR
1730 3317 1786 3359 24
1818 3331 1946 3359 carne
1977 3317 2034 3368 R,
2068 3330 2159 3359 car-

299 3401 401 3430 nem
434 3388 539 3431 MF
