2248 3646
219 223 323 271 534
593 216 782 268 Quinti
817 215 1048 270 Septimi
1079 213 1359 256 Florentis
1392 214 1724 256 Tertulliani

220 377 353 428 enim
395 377 544 426 illum
585 375 1004 427 condicionaliter
1044 389 1176 425 nunc
1218 374 1401 425 secisse
1436 373 1644 425 diuortii
1674 374 2087 439 prohibitionem,

220 465 262 515 si
287 453 400 515 ideo
431 463 545 529 quis
574 462 804 514 dimittat
827 478 1051 525 uxorem,
1085 465 1144 513 ut
1177 461 1329 512 aliam
1365 462 1541 513 ducat:
1583 463 1691 528 qui
1732 462 2085 526 dimiserit,

216 552 399 617 inquit,
457 565 719 602 uxorem
776 554 835 601 et
890 550 1083 601 aliam
1141 549 1417 612 duxerit,
1475 549 1883 600 adulterium
1933 566 2087 602 com-

217 639 424 701 misit,
489 641 552 689 et
614 638 722 704 qui
786 654 812 688 a
875 639 1112 688 marito
1172 637 1513 688 dimissam
1569 637 1831 688 duxerit
1881 653 2087 703 aeque

217 727 482 777 adulter
522 728 639 788 est,
681 741 737 776 ex
770 725 947 776 eadem
979 726 1160 791 utique
1195 741 1351 776 causa
1384 724 1665 787 dimissam,
1708 740 1807 790 qua
1838 741 1935 776 non
1965 725 2089 777 licet
2140 740 2160 772 5

216 814 425 876 dimitti,
467 816 524 864 ut
566 813 665 863 alia
706 813 943 874 ducatur,
985 813 1182 864 inlicite
1224 813 1358 863 enim
1393 812 1660 864 dimissam
1694 829 1782 878 pro
1817 813 2089 865 indimissa

217 901 408 952 ducens
458 901 658 952 adulter
706 904 800 951 est.
857 903 1031 952 manet
1078 900 1212 951 enim
1251 900 1640 951 matrimonium
1681 900 1818 966 quod
1857 917 1953 951 non
1991 901 2087 952 rite

215 989 528 1054 diremptum
556 990 657 1049 est3
684 991 921 1038 manente
946 988 1172 1054 (autem)
1197 987 1522 1038 matrimonio
1555 988 1744 1039 nubere
1778 988 2087 1039 adulterium

215 1079 307 1128 est.
352 1076 427 1126 ita
474 1077 518 1127 si
558 1076 981 1127 condicionaliter
1019 1076 1284 1141 prohibuit
1324 1076 1582 1127 dimittere
1625 1084 1850 1136 uxorem,
1900 1092 1996 1128 non
2037 1077 2087 1127 in

212 1166 382 1215 totum
408 1164 688 1230 prohibuit,
716 1166 768 1214 et
791 1164 927 1230 quod
960 1179 1057 1214 non
1092 1163 1354 1229 prohibuit
1385 1165 1435 1213 in
1468 1166 1654 1226 totum,
1681 1163 1917 1230 permisit
1942 1163 2083 1226 alias,
2115 1178 2158 1208 10

214 1252 302 1302 ubi
343 1267 498 1302 causa
538 1254 724 1313 cessat,
775 1252 837 1302 ob
880 1267 1032 1316 quam
1075 1251 1361 1317 prohibuit3
1406 1254 1456 1302 et
1494 1251 1596 1302 iam
1637 1267 1735 1301 non
1777 1252 2086 1302 contrarium

214 1339 385 1404 Moysi
441 1340 606 1402 docet,
670 1339 818 1389 cuius
875 1342 1205 1404 praeceptum
1263 1339 1454 1390 alicubi
1509 1341 1797 1400 conseruat,
1860 1339 2084 1390 nondum

215 1427 327 1477 dico
355 1427 638 1477 confirmat.
674 1429 763 1477 aut
796 1427 840 1477 si
874 1427 1079 1477 omnino
1116 1423 1251 1497 [non]
1288 1443 1444 1495 negas
1477 1427 1708 1492 permitti
1744 1427 2023 1478 diuortium
2058 1444 2084 1478 a

216 1514 438 1577 Christo,
488 1515 745 1580 quomodo
786 1517 844 1565 tu
885 1515 1089 1580 nuptias
1132 1515 1346 1576 dirimiS,
1396 1530 1487 1565 nec
1536 1515 1849 1582 coniungens
1889 1531 2081 1566 marem

217 1605 266 1652 et
305 1602 548 1652 feminam
589 1618 682 1653 nec
723 1602 846 1652 alibi
886 1602 1186 1653 coniunctos
1228 1603 1291 1653 ad
1332 1605 1707 1654 sacramentum
1753 1602 2081 1667 baptismatis
2118 1615 2157 1646 tf>

212 1693 266 1741 et
308 1690 648 1741 eucharistiae
689 1690 983 1751 admittenS,
1017 1691 1117 1741 nisi
1156 1691 1288 1741 inter
1328 1707 1381 1741 se
1422 1691 1802 1741 coniurauerint
1835 1691 2082 1742 aduersus

211 1778 439 1829 fructum
479 1778 794 1843 nuptiarum,
834 1781 895 1828 ut
934 1778 1184 1829 aduersus
1222 1778 1395 1844 ipsum
1437 1781 1750 1830 creatorem?
1793 1781 1927 1829 certe
1962 1779 2083 1844 quid

212 1865 369 1916 faciet
416 1865 551 1930 apud
597 1867 648 1916 te
695 1865 930 1927 marituS,
974 1866 1018 1916 si
1065 1882 1190 1917 uxor
1230 1866 1339 1916 eius
1382 1866 1698 1916 commiserit
1737 1866 2081 1917 adulterium?

214 1953 487 2004 habebitne
534 1953 714 2003 illam?
764 1953 853 2004 sed
898 1969 990 2004 nec
1038 1956 1189 2004 tuum
1232 1955 1526 2019 apostolum
1569 1955 1733 2006 sinere
1773 1954 1928 2021 (scis)
1969 1970 2082 2005 con—

211 2041 357 2108 iungi
402 2041 713 2106 prostitutae
760 2041 990 2091 membra
1032 2039 1239 2093 Christi.
1298 2043 1453 2093 habet
1497 2043 1672 2108 itaque
1721 2045 1770 2094 et
1817 2041 2083 2094 Christum
2115 2055 2155 2084 20

214 2129 529 2180 adsertorem
590 2129 796 2180 iustitia
858 2129 1085 2181 diuortii.
1147 2131 1250 2180 iam
1306 2131 1423 2181 hinc
1479 2131 1807 2181 confirmatur
1868 2131 1928 2181 ab
1991 2131 2078 2182 illo

212 2216 421 2281 Moyses
457 2231 514 2266 ex
548 2216 726 2267 eodem
760 2216 913 2267 titulo
956 2217 1229 2283 perhibens
1268 2217 1558 2283 repudium,
1594 2234 1692 2284 quo
1728 2221 1778 2269 et
1818 2218 2078 2270 Christus:

216 2305 272 2354 si
305 2304 641 2355 inuentum
677 2304 970 2355 fueritin
997 2305 1276 2356 muliere
1301 2307 1641 2373 negotium
1666 2306 2082 2372 impudicum.

213 2408 331 2443 nam
374 2395 425 2442 et
462 2393 513 2442 in
555 2392 825 2459 euangelio
866 2392 1086 2444 Mathei:
1146 2393 1254 2458 qui
1304 2393 1659 2457 dimiserit,
1708 2395 1892 2460 inquit,
1942 2412 2081 2447 uxo-

215 2496 347 2531 rem
413 2495 593 2531 suam
656 2482 920 2547 praeter
983 2497 1243 2532 causam
1307 2481 1643 2543 adulterii,
1713 2482 1879 2533 facit
1949 2499 2080 2534 eam
2112 2493 2153 2524 2⁵

360 2751 400 2806 2]
434 2750 537 2792 Luc.
575 2751 639 2801 16,
676 2751 744 2794 18.
807 2752 879 2806 19]
915 2751 969 2795 cf.
993 2752 1015 2795 1
1042 2750 1137 2796 eor.
1170 2752 1210 2815 e,
1238 2752 1304 2796 15.
1367 2753 1441 2808 23]
1469 2753 1696 2807 11611124,
1723 2754 1759 2796 1.
1822 2755 1895 2810 24]
1922 2755 2080 2798 Matth.

215 2827 254 2876 5,
288 2825 356 2867 32.

271 2987 296 3027 2
329 2989 379 3028 ut
409 2986 488 3040 Rss,
522 2989 566 3029 et
597 2986 714 3031 MR1
827 2988 852 3030 8
885 2989 1033 3031 autem
1067 2989 1251 3032 addidi:
1283 2989 1420 3033 deleri
1448 2991 1549 3032 uult
1578 2990 1718 3033 uerba
1749 2992 2083 3033 manente—est

212 3059 316 3114 Eny
407 3060 460 3102 10
492 3060 602 3102 alias
634 3061 710 3102 ubi
741 3060 853 3116 Rz'y:
885 3061 974 3104 alia
1005 3062 1145 3104 subici
1167 3061 1300 3116 MR1,
1335 3063 1454 3105 aliud
1487 3065 1555 3105 est
1585 3063 1661 3105 ubi
1684 3061 1750 3105 RS
1833 3063 1883 3105 11
1919 3066 1964 3106 et
1993 3064 2080 3105 iam

212 3132 373 3187 scripsi
384 3147 398 3175 :
426 3133 560 3175 etiam
590 3133 690 3177 MR
767 3135 818 3177 13
853 3134 1081 3178 confirmat
1113 3138 1190 3177 aut
1219 3136 1276 3189 R,
1311 3136 1566 3178 confirmata
1596 3139 1646 3178 ut
1675 3136 1781 3179 MF
1862 3150 1949 3178 non
1978 3137 2078 3179 secl.

214 3204 278 3249 R3
400 3206 451 3248 16
485 3206 810 3250 eucharisthiae
840 3208 901 3250 M
1022 3208 1075 3251 18
1107 3208 1243 3252 faciet
1262 3193 1387 3252 'Ursu-
1417 3208 1525 3251 facit
1555 3209 1654 3252 MR,
1775 3210 1828 3252 19
1859 3209 1937 3252 sed
1967 3210 2079 3265 MR,

212 3278 384 3321 scilicet
420 3278 630 3322 Oehlerus
775 3281 861 3323 scis
890 3280 1035 3336 suppl.
1075 3281 1172 3334 Ure,
1205 3295 1287 3324 om.
1319 3281 1422 3338 MR,
1448 3283 1610 3336 reliqui
1641 3297 1788 3326 omnes
1905 3284 1956 3326 21
1990 3284 2078 3326 iam

212 3351 315 3394 hinc
349 3351 629 3395 confirmatur
661 3354 717 3408 cf.
748 3367 890 3408 supra
923 3355 950 3397 Z.
985 3357 1046 3397 12
1148 3355 1204 3398 22
1236 3356 1470 3412 perhibens
1501 3357 1680 3411 scripsi:
1712 3357 1949 3412 prohibens
1979 3357 2079 3422 MR

214 3423 270 3466 24
300 3424 471 3467 Mathei
502 3425 557 3474 R,
590 3427 778 3469 matthei
808 3427 869 3468 M
