2248 3646
190 160 296 209 298
564 155 750 208 Quinti
784 155 1011 211 Septimi
1041 155 1318 198 Florentis
1350 155 1674 198 Tertulliani

191 319 315 369 deos
364 318 630 369 confessus
685 333 783 369 non
831 318 1000 382 potest
1039 317 1202 367 facere
1250 316 1500 377 diuersos,
1546 331 1644 366 non
1693 316 1811 381 quia
1856 331 1953 367 non
2001 319 2052 366 et

191 406 421 456 homines
459 405 586 456 licet
624 405 719 456 sub
760 406 938 455 eadem
977 404 1318 469 appellatione
1359 403 1742 454 diuersissimos
1783 419 1912 463 esse,
1961 403 2051 454 sed

189 493 312 558 quia
343 493 468 543 deus
500 508 598 544 non
632 492 729 542 erit
760 491 1022 553 dicendus,
1057 492 1175 556 quia
1205 506 1298 541 nec
1331 490 1628 551 credendus,
1660 490 1757 541 nisi
1791 505 2050 540 summum

192 596 453 647 magnum.
488 596 605 631 cum
631 595 750 645 ergo
778 575 1038 631 s‘ummum
1070 594 1312 646 magnum
1347 582 1559 644 cogatur
1592 592 1867 643 agnoscere
1900 593 2050 643 quem

192 668 345 718 deum
394 683 492 718 non
542 671 709 734 negat,
757 683 855 718 non
904 670 1076 732 potest
1123 666 1344 727 admitti,
1386 668 1445 715 ut
1491 681 1693 716 summo
1733 680 1918 732 magno
1966 665 2052 715 ali·
2104 683 2123 714 5

193 770 344 821 quam
407 755 665 806 adscribat
726 754 1134 815 diminutionem,
1199 769 1295 818 qua
1359 753 1645 804 subiciatur
1706 753 1794 803 alii
1853 768 2052 804 summo

191 858 396 909 magno,
450 843 640 894 desinit
690 843 841 903 enim,
891 842 933 893 si
981 841 1279 892 subiciatur.
1326 856 1423 891 non
1467 842 1547 891 est
1586 844 1754 890 autem
1805 840 1886 891 dei
1925 839 2054 890 desi-

193 946 310 981 nere
352 930 412 981 de
453 933 594 982 statu
643 945 752 990 suc,
799 929 851 980 id
894 933 973 979 est
1021 929 1080 979 (16
1123 944 1324 979 summo
1372 943 1575 994 magno.
1615 943 1731 978 nam
1781 931 1831 978 et
1874 927 1925 977 in
1963 927 2052 977 illo

194 1019 287 1070 deo
326 1019 526 1084 potiore
557 1017 837 1084 periclitari
874 1016 1064 1083 poterit
1104 1031 1365 1067 summum
1405 1031 1666 1081 magnum,
1709 1014 1753 1065 si
1785 1014 2056 1080 depretiari

191 1107 332 1172 capit
369 1107 419 1157 in
462 1110 704 1157 creatore.
745 1105 818 1155 ita
860 1120 976 1155 cum
1017 1103 1115 1155 duo
1157 1104 1227 1153 dii
1274 1103 1667 1169 pronuntiantur
1707 1102 1805 1153 duo
1856 1117 2057 1152 summa
2088 1120 2127 1151 ιο

193 1210 395 1261 magna,
436 1209 646 1245 necesse
688 1197 767 1243 est
805 1195 1043 1242 neutrum
1085 1192 1244 1242 altero
1294 1192 1383 1241 aut
1429 1190 1595 1241 maius
1636 1190 1705 1240 sit
1743 1192 1833 1240 aut
1870 1189 2056 1250 minUS‚

192 1285 431 1333 neutrum
465 1282 624 1332 altero
667 1283 757 1331 aut
797 1279 1072 1330 sublimius
1114 1281 1205 1328 aut
1236 1278 1502 1329 deiectius,
1544 1293 1675 1344 nega
1713 1277 1865 1327 deum
1906 1292 2056 1342 quem

194 1370 322 1420 dicis
365 1370 691 1429 deteriorem3
734 1383 863 1434 nega
903 1383 1164 1417 summum
1206 1381 1448 1433 magnum
1497 1364 1852 1430 quem-credis
1899 1363 2056 1414 mino—

192 1474 315 1509 rem.
380 1457 532 1507 deum
594 1472 715 1507 uero
779 1455 1044 1506 confessus
1107 1457 1384 1517 utrumque
1446 1452 1546 1504 duo
1610 1468 1813 1503 summa
1873 1467 2058 1518 magna

193 1545 461 1596 confessus
509 1560 579 1595 es.
627 1543 755 1594 nihil
802 1542 950 1593 alteri
998 1542 1191 1592 adimes
1247 1544 1337 1592 aut
1391 1540 1535 1592 alteri
1583 1540 1856 1591 adscribes,
1906 1554 2054 1606 agno-
2089 1558 2128 1590 15

190 1648 339 1683 scens
381 1631 706 1682 diuinitatem
747 1630 945 1696 negasti
987 1629 1356 1680 diuersitatem.

267 1722 314 1772 7.
356 1719 654 1785 Temptabis
696 1718 758 1768 ad
797 1719 922 1768 haec
962 1717 1022 1767 de
1062 1717 1265 1768 nomine
1301 1717 1382 1778 dei
1414 1719 1683 1767 concutere
1721 1717 2072 1765 retractatum«

192 1813 253 1860 ut
298 1809 509 1876 passiuo
560 1810 612 1858 et
656 1807 705 1857 in
755 1806 881 1856 alios
932 1820 1134 1871 quoque
1180 1805 1450 1870 permisso,
1501 1805 1619 1869 quia
1667 1804 1916 1868 scriptum
1964 1801 2052 1853 sit:

190 1898 352 1948 deus
402 1895 666 1946 deornm
715 1893 915 1945 stetit
960 1893 1022 1943 in
1071 1893 1363 1943 ecclesia
1409 1892 1689 1953 deorum,
1737 1891 1798 1941 in
1845 1889 2052 1941 medio

191 1988 408 2035 autem
451 1983 606 2034 deos
648 1981 1073 2041 diiudicabit,
1116 1984 1194 2032 et:
1237 1996 1353 2048 ego
1389 1980 1538 2040 dixi,
1579 1995 1694 2030 uos
1737 1979 1826 2028 dii
1868 1978 2049 2038 estis.¹
2083 1996 2124 2028 20

192 2088 285 2123 nec
324 2075 497 2122 tamen
535 2070 726 2121 idcirco
769 2070 841 2120 eis
882 2072 1144 2134 competat
1181 2068 1444 2134 possessio
1479 2067 1666 2118 summi
1706 2066 1894 2133 magni,
1936 2066 2055 2131 quia

189 2160 262 2211 dii
304 2158 748 2226 cognominentur3
789 2158 862 2207 ita
900 2171 989 2206 nec
1032 2156 1262 2206 creatori.
1304 2155 1622 2219 respondebo
1665 2157 1715 2205 et
1748 2153 1925 2215 stulto,
1967 2153 2053 2218 qui

191 2266 283 2301 nec
336 2250 432 2299 hoc
486 2245 867 2313 recogitauerit,
922 2260 982 2295 ne
1028 2244 1331 2294 tantundem
1379 2246 1430 2293 et
1480 2244 1531 2294 in
1580 2243 1732 2293 deum
1777 2242 2052 2292 Marcionis

191 2338 360 2403 possit
405 2334 704 2400 retorqueri,
753 2336 812 2384 ut
858 2335 910 2383 et
956 2333 1104 2383 illum
1148 2332 1299 2382 deum
1348 2331 1544 2382 dictum
1591 2346 1684 2380 nec
1731 2329 1844 2381 ideo
1884 2331 2051 2380 tamen

192 2440 452 2477 summum
500 2438 746 2489 magnum
801 2420 1090 2487 probatum,
1146 2420 1283 2470 sicut
1328 2434 1418 2469 nec
1466 2418 1634 2486 angeli
1683 2420 1772 2468 aut
1822 2417 2051 2468 homines
2084 2434 2124 2466 25

191 2511 452 2564 creatoris,
511 2510 553 2559 si
610 2509 901 2560 communio
956 2508 1221 2558 nominum
1277 2506 1664 2558 condicionibus
1719 2503 2052 2570 praeiudicat,

191 2599 370 2666 quanti
409 2613 628 2662 nequam
668 2597 804 2648 serui
842 2611 1021 2662 regum
1056 2594 1347 2646 nominibus
1387 2593 1654 2655 insultant,
1694 2590 1965 2642 Alexandri
2004 2593 2053 2641 et

193 2687 333 2738 Darii
381 2690 433 2736 et
487 2684 787 2736 Olofernae?
842 2699 933 2735 nec
980 2686 1151 2734 tamen
1205 2682 1319 2732 ideo
1373 2681 1584 2747 regibus
1638 2680 1689 2730 id
1745 2679 1879 2745 quod
1934 2682 2054 2730 sunt

190 2775 502 2826 detrahetur.
552 2788 669 2823 nam
717 2775 768 2823 et
811 2772 925 2838 ipsa
969 2770 1107 2822 idola
1155 2770 1386 2838 gentium
1436 2769 1515 2819 dei
1561 2768 1740 2834 uulgo,
1789 2766 1879 2817 sed
1926 2766 2050 2817 deus

193 2876 340 2912 nemo
391 2876 448 2911 ea
494 2876 562 2922 re,
612 2874 711 2926 qua
757 2859 883 2910 deus
933 2857 1133 2908 dicitur.
1179 2857 1253 2907 ita
1299 2871 1392 2923 ego
1439 2870 1538 2907 non
1585 2854 1778 2906 nomini
1833 2853 1911 2905 dei
1958 2869 2050 2904 nec
2081 2873 2121 2904 30

340 2977 410 3031 19]
440 2975 511 3018 Ps.
544 2976 615 3029 81,
649 2976 686 3018 1.
778 2974 850 3029 20]
883 2975 953 3019 Ps.
986 2974 1054 3026 si,
1088 2974 1126 3016 6.

253 3080 272 3120 1
309 3080 351 3121 et
384 3092 466 3120 om.
495 3077 545 3120 F
622 3079 647 3120 3
680 3077 782 3132 quia
814 3076 985 3130 (priore
1015 3076 1127 3128 loco)
1158 3075 1271 3125 MR,
1306 3075 1408 3130 quia
1437 3074 1501 3116 ita
1531 3073 1579 3116 F
1657 3075 1681 3116 6
1715 3070 2048 3114 diminutionem

191 3151 304 3206 MF,
337 3151 681 3193 deminutionem
712 3150 907 3205 Ruulyo
1029 3150 1080 3191 10
1114 3152 1308 3191 creatore
1343 3152 1383 3199 (e
1416 3161 1468 3190 ex
1500 3147 1540 3202 6)
1572 3146 1631 3188 Μ
1739 3146 1788 3190 11
1822 3148 1975 3187 neutro
2008 3143 2056 3186 F

195 3226 247 3267 15
281 3238 325 3266 es
355 3222 488 3277 MRss,
521 3226 590 3268 cst
618 3222 683 3266 R¹
790 3225 839 3265 17
874 3226 1126 3265 conuertere
1158 3220 1205 3263 F
1311 3222 1367 3264 20
1400 3219 1660 3262 diiudicabit
1689 3219 1757 3272 M,
1791 3217 2052 3260 diiudicauit

192 3297 236 3339 R
355 3298 474 3340 estis.
506 3309 586 3338 nec
616 3296 752 3351 uulqo
841 3297 894 3337 22
929 3295 988 3336 dii
1013 3295 1079 3350 M,
1113 3295 1182 3336 dei
1213 3295 1273 3337 R.
1345 3294 1399 3336 26
1432 3294 1494 3336 sic
1514 3291 1577 3335 R1
1666 3294 1720 3335 28
1753 3291 1972 3334 olofernae
1996 3290 2053 3331 M

190 3371 362 3424 (accipe
384 3382 469 3424 pro
501 3383 616 3411 nom.
639 3370 799 3423 plum),
833 3368 1052 3411 Olofernis
1082 3363 1278 3422 Ruulssqo
1376 3367 1431 3409 30
1464 3366 1782 3408 dei—nominis
1815 3375 1897 3408 om.
1920 3363 1969 3406 F
