2340 3658
586 236 680 277 VII.
710 235 972 278 Aduersus
1002 237 1313 279 Marcionem
1342 238 1416 279 lib.
1448 239 1484 279 V
1516 238 1581 280 19.
1890 242 1989 292 645

182 392 353 456 utique
405 393 455 442 in
500 408 556 443 eo
605 407 824 457 corpore,
883 393 933 442 in
982 409 1077 458 quo
1117 394 1242 444 mori
1280 395 1461 457 potuit,
1503 409 1590 459 per
1629 409 1824 444 carnem
1863 411 1988 446 mor-

178 481 299 527 tuus
348 480 397 527 et
442 493 536 527 non
590 493 677 543 per
731 478 1011 539 ecclesiam,
1065 479 1210 543 plane
1254 481 1455 542 propter
1500 479 1765 528 ecclesiam
1812 495 1991 543 corpus

179 562 530 613 commutando
556 578 642 626 pro
668 578 889 626 corpore,
915 565 1108 612 carnale
1133 579 1219 627 pro
1246 563 1473 627 spiritali.
1582 563 1649 613 At
1681 579 1793 613 cum
1824 569 1995 614 monet

180 648 455 697 cauendum
484 663 509 696 a
536 647 972 711 subtililoquentia
995 649 1045 696 et
1074 647 1407 711 philosophia,
1440 651 1496 697 ut
1525 648 1658 697 inani
1688 648 1994 708 seductione,

131 750 151 780 5
182 748 307 796 quae
345 734 411 782 sit
450 732 724 782 secundum
764 733 1010 781 elementa
1040 731 1229 793 mundi,
1262 761 1329 767 —
1362 748 1456 782 non
1489 732 1765 782 secundum
1800 735 1993 783 caelum

180 821 267 868 aut
301 821 484 868 terram
522 817 708 877 dicens,
750 816 837 866 sed
876 816 1151 866 secundum
1188 817 1382 866 litteras
1422 817 1702 868 saeculares
1742 824 1791 868 et
1823 833 1993 868 secun-

180 903 299 952 dum
343 903 677 963 traditionem,
726 901 920 951 scilicet
964 901 1221 951 hominum
1263 902 1707 966 subtililoquorum
1747 906 1796 952 et
1833 903 1995 967 philo-

180 989 452 1052 sophorum
491 1016 557 1022 —
593 988 800 1052 longum
840 988 920 1036 est
957 985 1159 1051 quidem
1199 989 1249 1036 et
1288 987 1492 1036 alterius
1533 988 1695 1052 operis
1737 988 1997 1038 ostendere

178 1074 270 1123 hac
318 1072 563 1123 sententia
608 1087 778 1122 omnes
817 1071 1049 1121 haereses
1090 1071 1327 1132 damnari,
1383 1071 1515 1135 quod
1562 1086 1733 1121 omnes
1782 1088 1837 1122 ex
1883 1073 1997 1122 sub-

110 1174 149 1204 10
178 1158 542 1221 tililoquentiae
595 1156 787 1206 uiribus
843 1158 893 1205 et
943 1155 1292 1220 philosophiae
1351 1156 1540 1220 regulis
1602 1158 1847 1216 constent,
1911 1157 1998 1206 sed

179 1244 399 1294 Marcion
449 1242 774 1307 principalem
829 1257 949 1291 suae
1001 1241 1117 1291 fidei
1162 1241 1432 1292 terminum
1480 1241 1540 1291 de
1578 1241 1782 1306 Epicuri
1828 1242 1999 1292 schola

179 1331 431 1396 agnoscat,
471 1329 621 1378 deum
658 1328 872 1378 inferens
915 1324 1038 1396 [nec]
1078 1327 1328 1389 hebetem,
1374 1343 1434 1377 ne
1479 1327 1647 1377 timeri
1693 1343 1807 1377 eum
1849 1327 1997 1387 dicat,

180 1415 431 1465 collocans
472 1416 522 1463 et
559 1428 673 1463 cum
707 1413 796 1463 deo
831 1415 1052 1462 creatore
1083 1412 1343 1462 materiam
1377 1412 1436 1461 de
1466 1412 1664 1476 porticu
1699 1412 1999 1473 Stoicorum,

179 1514 364 1564 negans
398 1499 556 1549 carnis
587 1497 1020 1559 resurrectionem,
1061 1497 1119 1547 de
1153 1513 1251 1562 qua
1280 1497 1485 1562 proinde
1509 1497 1647 1547 nulla
1677 1498 1999 1562 philosophia

110 1601 148 1631 15
180 1585 444 1634 consentit.
505 1584 648 1634 cuius
716 1583 929 1648 ingeniis
988 1585 1094 1634 tam
1151 1583 1299 1648 longe
1361 1583 1504 1633 abest
1563 1582 1750 1632 ueritas
1811 1585 1999 1641 nostra,

178 1673 237 1719 ut
289 1672 339 1719 et
387 1670 512 1719 iram
568 1669 646 1719 dei
700 1669 912 1718 excitare
966 1668 1204 1718 formidet
1249 1670 1299 1718 et
1344 1668 1510 1718 omnia
1553 1668 1700 1718 illum
1745 1683 1800 1717 ex
1845 1668 1999 1718 nihilo

177 1756 449 1820 protulisse
488 1754 708 1805 confidat
737 1757 786 1804 et
817 1769 1012 1804 carnem
1044 1754 1252 1804 eandem
1282 1753 1636 1804 restituturum
1666 1753 2000 1818 repromittat,

181 1843 230 1890 et
260 1839 516 1890 Christum
556 1856 611 1890 ex
642 1842 799 1890 uulua
828 1840 1041 1905 uirginis
1072 1842 1245 1889 natum
1275 1854 1373 1889 non
1406 1839 1683 1899 erubescat,
1722 1838 2001 1888 ridentibus

178 1926 512 1991 philosophiS,
540 1928 587 1976 et
611 1925 875 1975 haereticis
902 1927 952 1975 et
976 1925 1188 1974 ethnicis
1219 1924 1359 1988 ipsis
1395 1924 1587 1974 stulta
1619 1924 1770 1973 enim
1803 1923 2003 1973 mundi

112 2027 155 2057 20
186 2010 375 2077 elegit
413 2011 572 2070 deUS,
613 2014 679 2060 ut
718 2009 1044 2061 confundat
1083 2010 1406 2075 sapientes,
1446 2009 1532 2059 ille
1564 2009 1672 2059 sine
1706 2008 1876 2070 dubio,
1918 2009 2003 2073 qui

181 2112 237 2145 ex
274 2099 507 2161 respectu
545 2096 697 2146 huius
738 2111 858 2146 suae
899 2095 1242 2160 dispositionis
1275 2095 1588 2159 perditurum
1620 2110 1672 2145 se
1705 2094 2004 2159 sapientiam

181 2182 484 2246 sapientium
522 2181 939 2245 praeminabatur.
994 2181 1085 2231 hac
1125 2180 1451 2245 simplicitate
1489 2180 1720 2230 ueritatis
1761 2178 2006 2229 contraria

180 2267 644 2331 subtililoquentiae
692 2269 742 2317 et
784 2266 1132 2332 philosophiae
1178 2266 1304 2316 nihil
1348 2265 1573 2330 peruersi
1608 2280 1881 2330 possumus
1929 2279 2003 2313 sa-

177 2367 308 2416 pere.
398 2352 626 2416 Denique
652 2352 694 2401 si
718 2367 807 2402 nos
834 2352 957 2403 deus
985 2367 1099 2402 cum
1127 2350 1324 2402 Christo
1353 2350 1583 2400 uiuificat
1607 2350 1795 2400 donans
1822 2349 2007 2399 delicta

107 2449 149 2481 2⁵
178 2437 340 2498 nobis,
395 2453 489 2487 non
534 2452 806 2502 possumus
854 2437 1049 2487 credere
1096 2438 1155 2486 ab
1204 2452 1260 2487 eo
1301 2436 1471 2485 donari
1512 2435 1709 2497 delicta,
1765 2436 1814 2484 in
1855 2449 2003 2499 quem

180 2521 400 2572 admissa
435 2537 533 2572 non
570 2521 771 2583 fuerint,
810 2525 868 2571 ut
903 2524 1035 2572 retro
1075 2522 1322 2588 ignotum.
1417 2521 1526 2586 Age
1557 2521 1673 2580 iam,
1708 2535 1823 2570 cum
1863 2519 2006 2569 dicit:

181 2624 343 2659 nemo
383 2624 489 2659 uos
528 2608 759 2658 iudicet
796 2608 853 2658 in
894 2608 1021 2659 cibo
1063 2610 1118 2658 et
1155 2610 1298 2673 potu
1333 2609 1390 2656 et
1421 2608 1478 2657 in
1510 2610 1676 2672 parte
1711 2606 1829 2655 diei
1859 2605 2005 2655 festi

330 2818 369 2872 3]
403 2816 453 2859 cf.
489 2816 577 2859 Col.
609 2818 648 2866 2,
681 2817 720 2858 8.
803 2817 872 2870 19]
905 2816 927 2857 Ι
959 2814 1052 2857 Cor.
1086 2816 1123 2866 1,
1156 2815 1224 2856 27.
1306 2815 1375 2869 21]
1410 2815 1461 2856 cf.
1494 2816 1563 2857 Es.
1595 2815 1662 2867 29,
1697 2815 1761 2857 14.
1851 2814 1920 2867 24]
1957 2813 2006 2855 cf.

189 2890 279 2933 Col.
311 2889 442 2942 2,13.
530 2888 603 2942 27]
631 2887 721 2930 Col.
754 2887 793 2936 2,
829 2887 1007 2928 16—17.

246 2990 266 3031 1
300 2989 407 3030 mori
438 2989 594 3042 potuit,
625 3001 700 3042 per
725 3000 894 3029 carnem
915 2988 1110 3028 mortuus
1135 2988 1180 3027 et
1200 2986 1382 3039 scripsi:
1415 2986 1522 3026 mori
1545 2985 1690 3039 potuit
1719 2998 1794 3038 per
1826 2997 2007 3031 carnem,

187 3063 381 3101 mortuus
413 3062 479 3100 est
507 3059 603 3100 MR
717 3059 741 3100 3
775 3058 830 3100 ad
858 3057 918 3099 M
1042 3057 1067 3098 5
1090 3057 1380 3110 parenthesin
1409 3056 1612 3098 indicaui
1729 3056 1776 3096 11
1798 3055 1927 3096 ‹scola
1956 3054 2016 3095 M

193 3132 244 3172 12
276 3131 400 3172 deum
431 3130 484 3183 F,
518 3129 735 3171 dominum
765 3129 862 3170 MR
977 3141 1055 3170 nec
1084 3127 1182 3169 secl.
1213 3127 1274 3168 12³
1388 3141 1441 3168 ne
1471 3126 1544 3178 12³³,
1575 3140 1653 3168 nec
1682 3125 1797 3168 MR1
1914 3139 2009 3166 eum

191 3201 309 3243 dicat
337 3201 403 3251 M,
435 3200 553 3242 dicat
584 3214 678 3242 eum
709 3200 896 3253 Ruulyo
967 3199 1017 3240 15
1046 3198 1163 3252 <ab>
1190 3198 1375 3252 ingeniis
1397 3198 1507 3250 fort.
1598 3197 1650 3238 19
1674 3195 1942 3250 philosophis
1968 3198 2010 3236 et

190 3272 322 3326 uulyo
415 3272 630 3313 hethnicis
661 3271 717 3312 M
778 3270 832 3312 22
863 3271 945 3312 hac
974 3270 1028 3323 R,
1058 3270 1168 3311 hanc
1198 3269 1257 3310 M
1318 3268 1371 3310 23
1404 3271 1446 3309 et
1477 3269 1529 3319 R,
1562 3270 1627 3309 est
1649 3268 1707 3308 M
1776 3269 1829 3308 25
1862 3266 2010 3307 donari

194 3341 353 3384 delicta
382 3342 448 3394 M,
481 3341 639 3383 delicta
671 3341 822 3382 donari
853 3340 1039 3393 Ruulyo
