2340 3658
281 160 388 210 638
659 159 845 211 Quinti
878 159 1104 215 Septimi
1135 160 1408 202 Plorantis
1442 160 1773 204 Tertulliani

283 318 505 380 Christo,
548 335 665 371 cum
697 321 806 385 ipse
840 320 1106 385 apostolus
1140 320 1332 386 ubique
1365 337 1457 373 nos
1493 321 1551 371 de
1586 322 1851 387 prophetis
1894 326 2151 376 exstruere

281 423 379 458 non
415 410 593 459 cesset.
627 408 760 459 unde
795 408 927 459 enim
964 408 1162 473 accepit
1194 424 1456 459 summum
1490 410 1787 477 angularem
1820 411 1985 462 dicere
2009 412 2152 463 Chri-

282 499 437 557 stum,
485 495 584 546 nisi
626 495 686 546 de
724 496 912 561 psalmi
953 495 1352 562 significatione:
1409 496 1587 562 lapis,
1643 512 1819 563 quem
1872 501 2150 564 reproba-

279 585 505 634 uerunt
545 583 969 645 aedificanteS‚
1009 584 1128 635 iste
1168 583 1374 635 factus
1416 585 1603 635 estin
1639 594 1869 636 summo
1904 589 2148 654 anguli?

356 672 436 721 18.
486 672 560 722 De
615 673 782 722 mania
834 671 1080 723 haeretici
1126 671 1452 737 praecidendi
1501 687 1598 723 non
1647 674 1816 735 miror,
1858 674 2062 741 <miror>
2104 677 2146 727 si
2201 693 2222 723 5

277 760 502 824 syllabas
530 760 803 819 subtrahit
826 776 943 811 cum
967 760 1179 826 paginas
1205 762 1340 810 totas
1367 760 1672 826 plerumque
1699 761 1956 813 subducit.
1977 762 2147 814 datam

275 846 446 912 inquit
486 847 585 898 sibi
627 848 893 914 apostolus
938 848 1155 914 gratiam
1195 847 1536 899 nouissimo
1588 848 1850 899 omnium
1903 850 2147 901 inlumi-

276 935 460 985 nandi
503 951 723 998 omnes,
767 951 917 1000 quae
958 935 1349 1000 dispensatio
1393 937 1762 987 sacramenti
1804 938 2035 989 occulti
2076 939 2144 989 ab

275 1024 445 1074 aeuis
472 1025 527 1074 in
557 1024 680 1085 dee,
710 1025 810 1089 qui
836 1023 1034 1075 omnia
1061 1024 1357 1075 condidit.
1383 1025 1555 1090 rapuit-
1579 1025 1869 1077 haereticus
1897 1027 1980 1077 ‘in'
2006 1043 2144 1093 prae-

273 1111 586 1178 positionem
615 1111 762 1162 etita
784 1112 887 1179 legi
915 1112 1063 1163 facit:
1092 1112 1301 1163 ‘occulti
1327 1113 1386 1164 ab
1414 1113 1554 1163 aeuis
1583 1113 1692 1174 deo,
1722 1114 1809 1179 qui
1836 1116 2004 1165 omnia
2030 1131 2142 1167 con·
2174 1131 2217 1164 ιο

276 1199 438 1252 didit'.
475 1200 563 1250 sed
598 1200 784 1251 emicat
815 1201 1023 1251 falsum.
1056 1200 1212 1250 infert
1244 1200 1377 1250 enim
1412 1202 1703 1266 apostolus:
1745 1206 1811 1251 ut
1849 1205 1992 1253 nota
2029 1203 2144 1254 fiat

273 1287 739 1354 principatibus
782 1290 839 1339 et
878 1289 1304 1354 potestatibus
1339 1289 1396 1339 in
1432 1291 2005 1354 supercaelestibus
2039 1307 2142 1357 per

274 1376 603 1427 ecclesiam
621 1376 967 1426 multifaria
998 1376 1303 1442 sapientia
1329 1376 1438 1427 dei.
1460 1377 1607 1427 cuius
1628 1376 1752 1428 dicit
1767 1378 2139 1444 principatibus

268 1467 323 1514 et
353 1464 734 1531 potestatibus?
769 1465 814 1515 si
847 1466 1105 1527 creatoris7
1142 1465 1290 1530 quale
1317 1467 1410 1525 est,
1445 1466 1503 1515 ut
1526 1465 1898 1531 principatibus
1927 1470 1977 1518 et
2000 1469 2141 1533 pote—

271 1552 495 1603 statibus
539 1553 648 1604 eius
692 1553 893 1604 ostendi
931 1554 1158 1604 uoluerit
1199 1554 1322 1603 deus
1362 1553 1449 1603 ille
1491 1553 1791 1618 sapientiam
1836 1570 1996 1606 suam.
2037 1555 2138 1621 ipsi
2170 1567 2211 1597 1⁵

267 1642 445 1690 autem
485 1656 598 1691 non.
641 1640 841 1706 quando
876 1655 969 1691 nec
1001 1643 1285 1706 potestates
1321 1641 1427 1691 sine
1462 1657 1553 1692 suo
1587 1641 1814 1707 principe
1846 1642 2141 1707 potuissent

267 1728 393 1792 quid
428 1731 773 1795 cognoscere?
809 1732 898 1781 aut
931 1730 973 1780 si
1000 1729 1113 1780 ideo
1143 1729 1293 1780 deum
1321 1745 1421 1780 non
1453 1730 1741 1781 nominauit
1772 1730 1872 1791 hic,
1909 1731 2055 1795 quasi
2086 1731 2135 1781 in

268 1816 373 1866 illis
408 1820 458 1866 et
482 1818 717 1883 princeps
742 1817 854 1882 ipse
881 1820 1163 1883 reputetur,
1193 1833 1311 1885 ergo
1340 1820 1390 1868 et
1418 1819 1730 1868 occuitatum
1761 1821 2135 1869 sacramentum

266 1904 639 1970 principatibus
662 1908 713 1956 et
729 1906 1076 1972 potestatibus
1098 1906 1224 1966 eius7
1246 1906 1333 1970 qui
1360 1906 1530 1959 omnia
1555 1905 1797 1967 condidit,
1815 1907 2136 1971 pronuntias-

266 1990 363 2055 set‚
382 1992 592 2058 proinde
617 1994 667 2043 in
692 1993 797 2045 iilis
827 1993 1077 2059 deputans
1102 1994 1291 2059 ipsum.
1313 1994 1449 2059 quod
1476 1995 1516 2044 si
1544 1993 1620 2043 illi
1647 1993 1771 2044 dicit
1797 1994 2130 2056 occultatum,
2164 2007 2207 2039 20

262 2080 342 2130 illi
376 2080 595 2132 debebat
629 2081 816 2133 dixisse
849 2081 1305 2148 manifest<at>um
1334 2097 1453 2148 ergo
1486 2098 1583 2132 non
1617 2081 1744 2132 ‘deo'
1772 2085 1878 2132 erat
1910 2083 2133 2133 occulta-

264 2171 392 2230 tum,
421 2169 510 2219 sed
536 2169 600 2219 ‘in
629 2169 754 2227 deo',
785 2171 1013 2220 omnium
1042 2169 1319 2230 conditore,
1349 2170 1609 2220 occultum
1643 2172 1814 2220 autem
1839 2170 2129 2236 principati-

264 2257 362 2307 bus
397 2259 448 2307 et
487 2258 837 2323 potestatibus
874 2258 1000 2308 eius,
1043 2258 1177 2323 quis
1221 2258 1376 2308 enim
1416 2258 1717 2325 cognouit
1757 2273 1996 2308 sensum
2041 2258 2131 2308 do-

263 2344 409 2395 mini
443 2348 548 2396 aut
591 2346 727 2411 quis
771 2347 821 2397 ei
864 2346 1265 2397 consiiiarius
1309 2346 1462 2397 fuit?
1498 2346 1578 2397 hic
1620 2349 1800 2412 captus
1840 2345 2129 2397 haereticus

256 2431 481 2484 'fortasse
505 2434 747 2496 mutabit,
774 2434 851 2484 uti
880 2430 1017 2485 dicat
1043 2434 1193 2484 deum
1221 2450 1372 2484 suum
1401 2434 1508 2484 suis
1535 2434 1881 2500 potestatibus
1917 2437 1966 2484 et
1997 2434 2128 2499 prin-
2160 2446 2200 2477 2⁵

410 2548 451 2602 1]
488 2548 540 2590 of.
575 2549 685 2604 Eph.
720 2550 759 2600 2,
793 2549 860 2591 21.
955 2549 998 2604 2]
1035 2549 1086 2591 cf.
1120 2548 1234 2603 Eph.
1259 2550 1296 2596 2,
1323 2549 1391 2591 ao.
1484 2548 1525 2604 3]
1559 2548 1630 2591 Ps.
1661 2548 1756 2603 117,
1784 2548 1851 2590 22.
1944 2549 1987 2604 7]
2014 2547 2127 2604 Eph.
2175 2558 2181 2562 ·

256 2621 299 2669 3
333 2621 460 2664 3-9.
556 2622 625 2677 11]
660 2622 769 2677 Eph.
803 2623 842 2667 3
879 2622 945 2665 1ο.
1035 2622 1107 2677 23]
1141 2621 1215 2666 Es.
1250 2622 1318 2672 40,
1357 2622 1421 2664 13.

318 2709 342 2748 2
370 2709 625 2764 angularem
649 2709 716 2759 M,
741 2709 931 2764 lapidem
958 2709 1212 2764 angularem
1230 2709 1274 2752 R
1290 2710 1426 2765 uulyo
1487 2709 1515 2751 4
1540 2710 1583 2751 in
1608 2723 1822 2751 summum
1848 2708 2125 2764 angulifort.

254 2782 408 2835 (alibis
425 2783 470 2825 in
490 2787 622 2838 caput
640 2784 806 2838 anguli)
869 2786 893 2825 5
910 2785 1058 2825 mania
1075 2786 1144 2837 <z
1157 2783 1299 2840 μανία)
1317 2784 1527 2826 haeretici
1544 2782 1824 2838 praecidendi
1839 2783 2018 2837 scripsi:
2033 2796 2123 2824 ma-

257 2855 388 2898 nibus
399 2856 614 2899 haeretici
627 2857 932 2912 praecidendis
943 2856 1213 2909 MR,manib
1221 2871 1269 2898 us
1283 2857 1494 2899 haeretici
1510 2855 1805 2912 praecidentis
1815 2855 1933 2897 Pam
1992 2856 2125 2897 miror

259 2928 501 2985 addidi(cf.
518 2932 627 2984 625,
638 2933 727 2984 18),
739 2931 842 2986 Eny
850 2930 1069 2985 imeyrum
1078 2934 1256 2984 putans
1272 2930 1390 2972 hunc
1407 2930 1548 2972 locum
1560 2930 1623 2972 sic
1635 2929 1871 2984 intellegit:
1881 2929 2120 2972 rrlcksicht-

259 3002 345 3044 zich
363 2998 529 3057 de'ssen,
545 3017 642 3047 was
667 3004 807 3046 durch
833 3003 903 3046 die
927 3003 1096 3045 Hdnde
1121 3003 1194 3045 des
1218 3003 1401 3046 Ketzers
1422 3002 1782 3058 weyyeschnitten
1803 3002 1977 3044 werden
1998 3000 2121 3055 must,

254 3076 461 3119 wanderc
490 3076 563 3120 ich
593 3077 708 3119 mich
738 3077 875 3129 nicht,
907 3090 1034 3119 wenrc
1066 3091 1111 3119 er
1130 3109 1167 3117 ..
1232 3076 1285 3118 12
1311 3077 1355 3118 in
1380 3075 1775 3130 supercaelestibus
1812 3075 1915 3117 Gel:
1945 3076 2122 3129 insuper

256 3148 519 3192 caelestibus
557 3149 658 3193 MR
806 3150 934 3191 multi
981 3150 1105 3191 uaria
1142 3148 1202 3190 M
1335 3149 1385 3190 19
1434 3148 1633 3191 condidit
1670 3148 1786 3190 Lat:
1833 3147 1983 3190 condit
2020 3147 2120 3190 MR

254 3222 309 3264 20
348 3222 414 3264 illi
451 3222 632 3278 scripsi:
671 3224 759 3265 illis
799 3222 892 3265 MR
1054 3223 1104 3263 21
1147 3222 1214 3263 illi
1247 3222 1357 3276 Riq:
1396 3222 1484 3271 illis
1506 3221 1576 3263 M
1608 3221 1739 3277 (corr.
1781 3235 1834 3263 m.
1877 3223 1929 3274 1),
1969 3220 2044 3262 ille
2075 3220 2119 3263 R

247 3294 583 3338 manifestatum
606 3296 790 3350 scripsi:
817 3295 1100 3338 manifestum
1122 3295 1223 3338 MR
1316 3295 1371 3336 24
1397 3295 1437 3336 ei
1463 3294 1736 3336 consiliarius
1754 3294 1819 3347 M,
1847 3292 2116 3336 consiliarius

250 3368 502 3424 eiRuulyo
594 3371 648 3411 25
680 3369 873 3411 mutabit
904 3368 1017 3411 Iun:
1050 3368 1240 3410 mutauit
1272 3367 1371 3410 MR
1385 3368 1545 3422 reliqui
