2248 3646
84 1211 123 1241 10

83 1638 119 1667 15

86 2065 126 2095 20

87 2491 125 2522 25

549 271 605 312 Il.
637 271 708 312 De
742 271 923 313 Carnis
955 271 1365 313 Resurrectione
1398 273 1578 315 33—34.
1902 275 1966 324 73

155 428 355 478 nomina
399 427 627 477 absolute
676 430 793 476 sunt
838 442 1018 487 rerum,
1058 427 1107 475 id
1156 430 1232 476 est
1277 427 1452 476 iudicii
1501 430 1550 476 et
1593 429 1734 493 regni
1789 429 1867 478 dei
1921 431 1968 478 et

140 512 550 573 resurrectioni&
591 514 648 561 ut
686 511 812 560 nihil
851 527 1020 561 eorum
1067 511 1115 560 in
1156 512 1439 575 parabolam
1492 514 1753 575 comprimi
1792 515 1968 576 possit,

156 613 246 647 nec
292 613 348 647 ea
385 598 434 646 in
479 596 738 661 parabolas
786 597 1165 659 compellantur,
1215 612 1338 660 quae
1387 597 1447 646 ad
1494 597 1875 661 dispositionem
1922 603 1971 648 et

154 682 541 733 transactionem
599 682 738 747 regni
799 683 848 730 et
906 682 1192 751 passi-onem
1254 681 1428 731 iudicii
1490 686 1539 730 et
1589 683 1966 732 resurrectionis

156 767 525 832 p1·aedicantur;
565 768 713 830 atque
753 766 823 816 ita
862 767 1137 830 corporalia
1175 766 1502 816 defendentur
1539 769 1595 816 ut
1627 768 1965 832 corporalibus

156 853 418 913 destinata,
472 852 524 900 id
577 857 653 902 est
704 867 798 901 non
855 851 1114 915 spiritalia,
1169 852 1285 916 quia
1336 867 1433 901 non
1478 852 1707 917 figurata.
1764 867 1876 901 nam
1924 857 1972 901 et

153 938 263 987 ideo
304 937 697 1001 praestruximus
738 940 837 987 tam
881 951 1059 1000 corpus
1109 937 1300 986 animae
1342 952 1490 1000 quam
1532 939 1581 985 et
1621 937 1780 986 carnis
1822 937 1969 986 obno-

154 1023 288 1071 xium
325 1031 437 1072 'esse
475 1022 792 1072 mercedibus
834 1037 920 1085 pro
962 1024 1215 1071 communi
1256 1022 1544 1085 operatione
1589 1021 1872 1085 pensandis,
1912 1037 1970 1070 ne

154 1108 476 1171 corporalitas
509 1108 701 1157 animae
735 1108 1046 1157 occasionem
1082 1107 1468 1156 subministrans
1502 1106 1769 1172 figurarum
1801 1121 1971 1170 corpo-

153 1193 401 1243 ralitatem
444 1193 601 1242 carnis
644 1193 889 1252 excludat,
939 1208 1052 1242 cum
1092 1195 1357 1255 utramque
1403 1192 1696 1255 participem
1747 1197 1795 1240 et
1834 1191 1972 1257 regni

154 1282 204 1328 et
233 1279 408 1328 iudicii
441 1282 490 1328 et
520 1279 900 1328 resurrectionis
927 1281 1155 1342 oporteat
1186 1278 1332 1327 credi.
1366 1283 1415 1327 et
1445 1294 1574 1327 nunc
1609 1294 1662 1327 eo
1696 1278 1970 1342 pergimus,

152 1365 227 1414 uti
276 1364 678 1428 corporalitatem
728 1365 975 1414 carnalem
1024 1365 1218 1429 proprie
1267 1364 1666 1427 demonstremus
1709 1379 1735 1412 a
1774 1363 1970 1411 domino

154 1449 423 1514 significari
454 1450 502 1499 in
536 1451 670 1498 omni
701 1450 1078 1499 resurrectionis
1112 1450 1381 1508 mentione,
1408 1449 1550 1498 salua
1581 1448 1797 1508 animali,
1824 1462 1969 1510 quam

154 1538 203 1585 et
239 1535 399 1599 ipsam
440 1536 587 1599 pauci
627 1538 937 1598 receperunt.
1648 1597 1650 1599 Ι

226 1622 304 1670 34.
344 1621 399 1669 In
440 1620 614 1683 primis
656 1636 767 1670 cum
812 1620 871 1669 ad
910 1620 1003 1668 hoc
1042 1620 1242 1668 uenisse
1285 1635 1336 1668 se
1370 1619 1508 1678 dicit,
1549 1619 1623 1667 uti
1657 1618 1788 1681 quod
1826 1618 1974 1681 periit

156 1706 353 1755 saluum
379 1706 546 1764 faciat,
581 1706 702 1769 quid
727 1706 851 1757 dicis
881 1705 1102 1768 perisse?
1135 1705 1387 1754 hominem
1413 1705 1516 1753 sine
1548 1704 1714 1753 dubio.
1746 1706 1972 1752 totumne

156 1806 214 1839 an
256 1806 311 1839 ex
351 1792 522 1853 parte?
562 1790 737 1854 utique
768 1793 947 1851 totum,
988 1789 1236 1853 siquidem
1267 1788 1615 1853 transgressio,
1658 1803 1782 1851 quae
1814 1787 1974 1850 perdi-

155 1876 308 1926 tionis
348 1876 594 1925 humanae
635 1891 788 1925 causa
826 1877 918 1935 est,
966 1878 1069 1924 tam
1117 1875 1308 1924 animae
1354 1874 1598 1924 instinctu
1639 1889 1696 1922 ex
1741 1874 1973 1937 concupi-

158 1960 346 2011 scentia
385 1977 534 2025 quam
574 1963 622 2010 et
661 1961 819 2010 carnis
861 1962 975 2010 actu
1015 1976 1070 2010 ex
1111 1959 1461 2025 degustatione
1502 1959 1772 2009 commissa
1809 1962 1973 2008 totum

158 2047 406 2096 hominem
448 2046 609 2111 elogio
650 2046 1064 2112 transgressionis
1096 2045 1356 2109 inscripsit
1395 2047 1544 2108 atque
1584 2044 1756 2093 exinde
1795 2043 1971 2092 merito

158 2131 448 2197 perditionis
487 2131 736 2195 impleuit.
783 2133 922 2180 totus
968 2130 1137 2194 itaque
1185 2130 1355 2180 saluus
1402 2130 1488 2180 fiet
1534 2130 1618 2193 qui
1664 2129 1791 2194 perit
1836 2132 1973 2178 totus

159 2217 506 2280 delinquendo,
544 2216 642 2266 nisi
681 2217 723 2266 si
756 2220 805 2265 et
837 2217 947 2266 ouis
986 2217 1072 2265 illa
1113 2216 1218 2266 sine
1258 2231 1461 2281 corpore
1501 2215 1751 2264 amittitur
1789 2218 1836 2264 et
1869 2215 1973 2263 sine

159 2317 361 2366 corpore
399 2305 680 2352 reuocatur.
720 2318 832 2351 nam
869 2302 910 2351 si
951 2317 1062 2352 caro
1097 2317 1293 2366 quoque
1327 2301 1434 2350 eius
1469 2316 1582 2350 cum
1623 2300 1803 2359 anima,
1843 2299 1975 2363 quod

157 2403 308 2451 pecus
347 2390 511 2437 totum
553 2389 645 2447 est,
686 2388 905 2437 humeris
947 2387 1063 2436 boni
1095 2387 1310 2451 pastoris
1345 2386 1628 2445 aduehitur,
1669 2401 1725 2436 ex
1762 2389 1973 2449 utraque

158 2473 333 2536 utique
365 2473 650 2522 substantia
678 2473 976 2522 restituendi
1009 2473 1224 2522 hominis
1266 2471 1545 2536 exemplum
1587 2479 1676 2521 est.
1710 2472 1797 2519 aut
1828 2485 1974 2533 quam

157 2557 418 2622 indignum
458 2557 564 2618 deo,
607 2557 870 2606 dimidium
910 2558 1160 2607 hominem
1200 2557 1422 2623 redigere
1462 2556 1509 2605 in
1551 2557 1780 2613 salutem,
1819 2569 1974 2618 paene

303 2807 369 2860 15]
403 2808 454 2850 cf.
486 2809 588 2849 Luc.
624 2810 688 2861 19,
725 2811 788 2852 10.
878 2809 947 2862 22]
984 2809 1033 2849 cf.
1067 2809 1164 2849 Luc.
1202 2809 1265 2860 15,
1298 2807 1421 2849 4—6.

218 2962 236 3003 1
271 2963 467 3004 absolute
497 2963 594 3003 PM
624 2966 749 3015 (corr.
784 2977 804 3018 e
835 2965 883 3004 in
916 2977 939 3004 a
968 2977 1022 3004 m.
1048 2966 1109 3016 2),
1143 2962 1504 3004 absolutaFGel
1533 2961 1690 3013 reliqui
1777 2962 1800 3002 3
1833 2961 1975 3014 dispo-

159 3033 357 3074 sitionem
389 3032 610 3080 MFGR3,
644 3032 1005 3086 dispensationem
1037 3030 1142 3075 PR1
1228 3034 1255 3074 4
1285 3033 1620 3077 transactionem
1654 3033 1774 3084 regni
1806 3035 1847 3072 et
1881 3045 1975 3084 pas-

160 3104 320 3145 sionem
360 3104 509 3145 iudicii
543 3104 721 3157 scripsi:
759 3105 1095 3145 transactionem
1135 3106 1178 3145 et
1214 3104 1455 3158 passionem
1495 3103 1617 3156 regni
1653 3101 1802 3143 iudicii
1839 3101 1981 3142 PMF

160 3175 185 3216 5
216 3173 502 3215 defendantur
523 3175 581 3216 M
608 3177 676 3227 (m.
704 3178 748 3225 2)
773 3171 921 3228 NRz‘y
1009 3176 1031 3216 7
1063 3176 1410 3229 praestrinximus
1435 3172 1538 3215 ΡΒ1
1625 3174 1649 3214 8
1673 3172 1979 3226 pensandus‘P

158 3247 282 3298 (corr.
315 3246 373 3288 R)
405 3245 462 3285 M
493 3248 616 3291 (corr.
648 3259 702 3286 m.
733 3247 773 3300 1)
864 3246 913 3287 13
952 3246 1149 3286 animalis
1181 3245 1234 3285 M
1264 3246 1362 3294 (litt.
1397 3259 1414 3286 s
1446 3243 1576 3298 eras.)
1674 3244 1723 3285 18
1756 3256 1906 3285 causae
1938 3243 1980 3283 P

161 3319 286 3366 (corr.
317 3315 376 3368 R)
406 3316 465 3356 M
490 3317 611 3368 (corr.
644 3330 697 3357 m.
729 3320 769 3367 1)
858 3316 908 3357 21
942 3317 1055 3370 perit
1082 3316 1233 3365 PMF,
1266 3316 1393 3370 periit
1428 3316 1508 3357 Gel
1606 3315 1658 3355 22
1691 3313 1976 3367 delinquendo

159 3391 277 3428 totus
313 3387 394 3429 Get
480 3389 532 3429 23
564 3388 647 3429 nisi
677 3388 720 3428 P
748 3388 846 3439 (del.
878 3388 922 3428 ni
952 3388 1011 3439 R)
