2248 3646
209 215 315 266 504
586 210 772 262 Quinti
807 209 1036 265 Septimi
1065 209 1340 251 Florentis
1372 209 1702 252 Tertulliani

207 368 640 436 praedicationem
668 368 750 418 uel
774 366 1014 433 uestigia,
1048 383 1135 432 per
1160 382 1288 432 quae
1322 367 1577 432 sapientes
1611 371 1763 433 atque
1794 367 2068 433 prudentes

209 456 617 508 deducerentur?
675 471 986 521 quamquam
1035 458 1085 506 et
1132 454 1174 505 si
1228 455 1277 506 in
1334 455 1505 521 aliquo
1562 455 1899 521 deliquissent
1951 472 2070 523 erga

209 544 361 595 deum
414 544 651 611 ignotum
705 559 852 610 pone,
907 559 1039 593 nunc
1087 545 1279 605 notum,
1335 558 1433 594 non
1487 546 1657 594 tamen
1712 544 1905 595 zeloten
1952 559 2069 594 eum

209 631 420 698 experiri
462 631 779 694 debuissent,
822 631 909 696 qui
950 630 1215 681 dissimilis
1249 631 1487 681 creatoris
1520 631 1794 682 inducitur.
1833 631 1994 698 igitur
2026 631 2069 682 si

208 735 299 771 nec
345 719 586 770 materias
635 719 986 785 praemiserat,
1033 719 1084 769 in
1130 719 1317 785 quibus
1366 718 1560 784 aliquid
1600 719 1929 780 occultasset,
1975 734 2067 770 nec

207 824 320 859 reos
359 808 623 870 habuerat,
666 825 694 858 a
734 808 920 872 quibus
964 807 1293 869 occultasset,
1334 822 1425 857 nec
1467 806 1713 858 debuerat
1760 807 2067 870 occultasse,

211 896 363 947 etiam
398 896 442 946 si
472 896 758 958 habuisset,
791 896 894 945 iam
926 910 1018 946 nec
1049 896 1303 945 reuelator
1334 895 1443 960 ipse
1479 894 1589 957 erit,
1623 896 1710 960 qui
1744 895 2070 946 absconditor

208 1000 306 1035 non
359 984 473 1046 fuit,
540 1017 608 1021 —
661 985 735 1034 ita
788 999 880 1034 nec
937 982 1169 1034 dominus
1227 982 1356 1033 caeli
1408 999 1501 1033 nec
1553 986 1697 1049 pater
1751 983 1940 1035 Christi
2002 1014 2068 1019 —-

209 1071 300 1122 sed
343 1072 447 1135 ille,
494 1072 547 1122 in
595 1088 746 1137 quem
788 1072 1088 1136 competunt
1126 1070 1308 1121 omnia.
1364 1086 1480 1120 nam
1528 1073 1579 1121 et
1617 1070 1886 1121 abscondit
1929 1087 2067 1137 prae-

207 1159 367 1212 misso
409 1161 739 1211 obscuritatis
784 1158 1112 1225 propheticae
1155 1158 1513 1220 instrumento,
1562 1158 1709 1209 cuius
1747 1158 2066 1210 intellectum

208 1247 334 1298 fides
389 1249 670 1299 mereretur
737 1279 805 1283 m-
868 1247 988 1298 nisi
1052 1245 1183 1297 enim
1246 1245 1657 1309 credideritis,
1722 1262 1834 1298 non
1896 1247 2067 1297 intefl-

206 1336 432 1403 legetis
472 1367 542 1373 —-
582 1338 633 1386 et
669 1351 782 1387 reos
823 1331 1002 1386 habuit
1042 1335 1296 1400 sapientes
1337 1341 1489 1399 atque
1527 1334 1803 1400 prudentes
1844 1350 1901 1385 ex
1938 1334 2066 1400 ipsis

210 1424 449 1490 operibus
494 1428 573 1475 tot
627 1439 684 1474 ac
737 1423 894 1475 tantis
949 1422 1340 1489 intellegibilem
1396 1423 1548 1473 deum
1601 1438 1699 1473 non
1753 1423 2066 1488 requirentes

207 1513 294 1563 uel
344 1526 610 1578 perperam
662 1512 712 1562 in
765 1511 914 1563 illum
969 1510 1389 1578 philosophantes
1439 1513 1488 1561 et
1537 1510 1739 1578 ingenia
1794 1510 2065 1562 haereticis

208 1599 697 1661 sumministrantes,
746 1602 797 1651 et
834 1599 1118 1651 nouissime
1159 1598 1349 1649 zelotes
1391 1600 1484 1649 est.
1534 1598 1752 1663 denique
1802 1598 1924 1649 olim
1970 1599 2066 1650 hoc

206 1704 297 1753 per
333 1688 537 1739 Esaiam
578 1687 983 1750 contionabatur,
1026 1686 1160 1754 quod
1202 1686 1435 1739 Christus
1477 1686 1785 1752 gratulatur:
1826 1686 2068 1751 perdam

210 1775 576 1842 sapientiam
646 1775 1020 1841 sapientium
1099 1778 1158 1826 et
1225 1774 1608 1840 prudentiam
1676 1773 2067 1840 prudentium

209 1865 435 1927 celabO,
478 1864 614 1917 sieut
653 1867 703 1915 et
743 1855 865 1915 alibi
897 1866 1002 1914 tam
1035 1863 1363 1915 abscondisse
1395 1863 1501 1929 <se>
1534 1878 1686 1928 quam
1716 1863 2067 1913 reuelaturum

209 1968 323 2004 esse
351 1951 632 2020 significat:
675 1954 732 2002 et
766 1951 915 2002 dabo
949 1951 1081 2002 illis
1114 1952 1438 2002 thesauros
1474 1950 1885 2012 absconditos,
1919 1950 2068 2000 inui-

209 2042 428 2093 sibiles
486 2040 750 2107 aperiam
812 2040 962 2103 illiS,
1026 2043 1077 2092 et
1135 2056 1339 2091 rursus:
1404 2039 1537 2105 quis
1602 2038 1760 2090 alius
1817 2038 2068 2089 disiciet

209 2130 388 2198 signa
470 2130 1003 2195 uentriloquorum
1090 2130 1147 2179 et
1215 2127 1632 2179 diuinationes
1727 2142 1789 2177 ex
1873 2125 2065 2187 corde,

209 2220 495 2269 auertens
573 2217 630 2268 in
708 2217 1057 2284 posteriora
1133 2216 1446 2282 sapientes
1524 2218 1581 2265 et
1651 2214 2066 2282 cogitationes

209 2322 410 2358 eorum
442 2306 791 2357 infatuans?
819 2305 862 2356 si
894 2306 1065 2355 autem
1099 2307 1150 2355 et
1176 2303 1438 2355 Christum
1473 2320 1620 2355 suum
1655 2302 2068 2354 inluminatorem

206 2394 474 2445 nationum
516 2393 834 2460 designauit:
890 2392 1069 2458 posui
1113 2394 1171 2442 te
1217 2391 1275 2442 in
1323 2392 1517 2443 lucem
1559 2391 1891 2451 nationum,
1942 2405 2066 2455 quas

205 2483 603 2549 interpretamur
662 2481 712 2532 in
774 2481 977 2532 nomine
1036 2480 1387 2546 paruulorum,
1458 2495 1612 2531 sensu
1675 2479 1875 2530 scilicet
1931 2480 2063 2529 retro
2121 2500 2139 2520 ο

205 2568 451 2635 paruulos
492 2571 542 2619 et
580 2567 926 2634 imprudentia
963 2567 1202 2628 infantes,
1246 2567 1347 2617 iarn
1379 2581 1500 2617 uero
1537 2569 1587 2617 et
1616 2565 1912 2617 humilitate
1950 2565 2070 2615 fidei

207 2657 443 2723 pusillaS,
484 2655 687 2708 facilius
721 2655 898 2721 utique
933 2655 1198 2706 credemus
1233 2654 1448 2706 eundem
1482 2654 1636 2706 etiam
1666 2653 1896 2721 paruulis
1927 2668 2068 2704 reue-

204 2744 339 2795 lasse
377 2760 468 2810 per
508 2743 788 2805 Christum,
838 2742 926 2809 qui
965 2745 1016 2794 et
1052 2745 1186 2794 retro
1227 2741 1550 2794 absconderit
1590 2744 1641 2793 et
1677 2757 1766 2808 per
1806 2740 2068 2793 Christum

205 2832 574 2884 reuelationem
621 2830 983 2897 repromiserit.
1034 2832 1121 2881 aut
1167 2829 1211 2881 si
1257 2830 1384 2881 deus
1423 2829 1699 2881 Marcionis
1749 2844 1822 2891 ea,
1871 2843 1999 2895 quae
2041 2843 2068 2878 a

355 2948 425 3002 11]
460 2947 529 2988 Es.
564 2947 602 2999 7,
635 2947 675 2988 9.
754 2945 822 2996 12]
858 2944 910 2988 cf.
944 2945 1065 2987 Rom.
1102 2946 1138 2999 1,
1171 2945 1240 2987 20.
1321 2944 1388 3000 15]
1423 2943 1475 2986 cf.
1509 2943 1641 2989 Deut.
1673 2944 1713 2997 5,
1746 2944 1815 2986 24.
1894 2943 1960 2999 16]
1994 2942 2065 2986 Es.

207 3021 275 3071 29,
312 3021 379 3064 14.
473 3021 542 3075 19]
577 3019 648 3062 Es.
681 3020 751 3070 45,
786 3020 825 3061 3.
916 3019 986 3074 20]
1018 3018 1092 3061 Es.
1126 3019 1196 3071 44,
1229 3018 1297 3060 25.
1388 3018 1460 3073 24]
1494 3017 1570 3060 Es.
1602 3018 1671 3069 49,
1707 3017 1746 3059 6.

266 3123 290 3163 2
325 3121 659 3175 deducerentur,
693 3135 956 3177 quamquam
988 3121 1123 3176 uulqo
1237 3120 1261 3162 3
1293 3120 1495 3176 ignotum
1527 3133 1638 3175 pone
1671 3121 1741 3173 (z
1772 3121 1923 3173 retro),
1954 3132 2068 3162 nunc

205 3196 389 3250 scripsi:
419 3195 636 3249 ignotum,
668 3209 781 3250 pone
813 3208 927 3237 nunc
958 3195 1071 3244 MR,
1104 3195 1319 3249 ignotum,
1351 3208 1464 3249 pone
1496 3196 1600 3236 tunc
1630 3193 1719 3247 Riq
1792 3194 1816 3236 6
1848 3192 2068 3235 reuelator

205 3268 263 3322 R,
288 3267 511 3310 reuelatur
534 3267 638 3309 MF
695 3269 718 3310 7
746 3267 1028 3310 absconditor
1050 3267 1107 3318 R,
1134 3267 1394 3309 absconditu
1417 3267 1484 3317 M,
1511 3266 1795 3310 absconditur
1817 3265 1865 3306 F
1924 3265 1972 3306 11
1998 3266 2065 3307 in-

204 3340 423 3395 tellegitis
455 3340 515 3381 M
586 3341 638 3383 18
672 3354 716 3382 se
750 3339 912 3382 addidi:
986 3340 1041 3382 20
1074 3339 1270 3382 dissiciet
1300 3339 1360 3381 M
1438 3340 1492 3381 26
1523 3338 1727 3394 paruulos
1759 3338 1938 3392 scripsi:
1968 3350 2066 3391 par-

207 3426 287 3454 uos
318 3413 432 3466 MR,
464 3427 619 3468 paruas
652 3413 729 3464 R3‚
763 3428 895 3468 paruo
928 3413 1022 3455 siue
1054 3426 1209 3468 pueros
1240 3412 1345 3467 Eny

2098 1177 2143 1209 10

2099 1611 2141 1642 15

2098 2051 2143 2084 20
