2248 3646
205 164 308 215 582
570 160 762 211 Quinti
795 160 1026 216 Septimi
1059 160 1336 202 Florentis
1369 160 1699 203 Tertulliani

201 322 528 388 positionem,
597 320 733 386 apud
803 337 953 387 quem
1022 321 1315 372 inuenimus
1376 321 1645 386 utriusque
1715 320 2069 386 dispositionis

203 409 603 460 deliniationem.
643 408 816 474 ipsum
851 408 986 473 quod
1020 408 1115 459 ait:
1158 423 1271 474 qua
1309 408 1602 459 libertate
1645 407 1930 460 Christus
1963 424 2068 460 nos

201 495 576 558 manumisit,
631 510 794 547 nonne
837 511 953 547 eum
1010 496 1284 548 constituit
1335 495 1783 559 manumissorem,
1839 495 1925 561 qui
1971 495 2071 547 fuit

202 582 476 634 dominus?
525 583 718 634 alienos
769 583 902 634 enirn
950 599 1128 635 seruos
1170 599 1261 635 nec
1302 582 1464 634 Galba
1502 583 1820 645 manumisit,
1865 583 2068 634 facilius

199 670 390 722 liberos
425 671 710 723 soluturus.
738 671 798 722 ab
834 686 891 722 eo
926 671 1088 738 igitur
1117 671 1464 738 praestabitur
1493 672 1723 733 libertas,
1751 671 1887 738 apud
1919 686 2071 737 quem
2123 689 2144 720 5

198 759 299 810 fuit
338 759 564 810 seruitus
603 758 751 826 legis.
801 761 858 809 et
889 759 1073 810 merito
1114 775 1212 810 non
1254 759 1470 811 decebat
1506 758 1852 811 manumissos
1890 775 2069 811 rursus

197 846 318 913 iugo
361 846 646 909 seruitutis,
688 845 740 896 id
782 849 861 898 est
899 847 1048 913 legiS,
1091 847 1356 914 adstringi,
1397 847 1496 897 iam
1531 848 1729 913 psalmo
1764 846 2068 913 adimpleto:

198 933 657 1000 disrumpamus
711 934 964 986 uincula
1019 950 1221 985 eorum
1279 938 1337 986 et
1399 935 1739 986 abiciamus
1804 952 1832 985 a
1891 935 2069 986 nobis

201 1021 413 1088 iugum
462 1022 753 1088 ipsorum,
810 1025 1090 1088 postquam
1139 1022 1464 1075 archontes
1516 1021 1876 1091 congregati
1931 1025 2072 1074 sunt

196 1110 252 1159 in
316 1125 497 1160 unum
560 1110 858 1162 aduersus
923 1110 1228 1162 dominum
1286 1114 1344 1161 et
1400 1111 1698 1162 aduersus
1757 1109 2066 1163 Christum
2100 1129 2139 1161 10

195 1197 410 1262 ipsius
459 1197 519 1248 de
569 1198 822 1250 seruitute
870 1198 1031 1265 igitur
1072 1199 1321 1265 exemptis
1362 1199 1527 1264 ipsam
1578 1197 1846 1251 seruitutis
1896 1200 2069 1249 notam

195 1285 397 1337 eradere
430 1287 809 1352 perseuerabat,
853 1287 1315 1349 circumcisionem,
1351 1303 1407 1338 ex
1439 1287 1835 1353 praedicationis
1870 1285 2071 1337 scilicet

192 1373 520 1441 propheticae
576 1375 902 1436 auctoritate,
959 1391 1156 1427 memor
1211 1375 1406 1426 dictum
1463 1391 1552 1441 per
1605 1375 1946 1426 Hieremiam:
2013 1376 2070 1425 et

197 1461 713 1513 circumcidimini
745 1463 1069 1529 praeputia
1102 1462 1302 1514 cordis
1336 1463 1561 1524 uestri;
1599 1462 1716 1528 quia
1750 1466 1802 1514 et
1831 1462 2064 1528 Moyses:

197 1548 664 1601 circumcidetis
707 1550 1120 1602 duricordiam
1162 1554 1448 1614 uestram,
1496 1551 1550 1602 id
1590 1554 1670 1602 est
1707 1566 1805 1602 non
1847 1565 2064 1601 carnem.
2101 1569 2138 1599 15

195 1635 414 1703 denique
469 1638 512 1689 si
568 1638 1017 1690 circumcisionem
1073 1640 1132 1690 ab
1190 1639 1288 1690 alio
1338 1639 1430 1690 deo
1480 1639 1693 1690 ueniens
1749 1638 2068 1700 excludebat,

195 1739 285 1774 cur
325 1724 479 1775 etiam
521 1725 984 1792 praeputiationem
1024 1729 1180 1794 negat
1225 1726 1504 1793 quicquam
1553 1728 1725 1777 ualere
1771 1726 1822 1777 in
1865 1725 2068 1778 Christo

195 1811 332 1863 sicut
386 1814 437 1864 et
491 1794 972 1866 circumcisionem?
1035 1815 1290 1881 praeferre
1346 1815 1480 1866 enim
1538 1814 1758 1866 debebat
1813 1813 2067 1865 aemulam

195 1899 322 1963 eius,
365 1916 517 1966 quam
560 1902 898 1969 expugnabat,
941 1903 985 1954 si
1018 1903 1077 1954 ab
1114 1903 1316 1955 aemulo
1352 1902 1758 1954 circumcisionis
1793 1902 1885 1954 deo
1920 1903 2069 1952 esset.

193 2002 359 2054 porrO,
388 1988 508 2054 quia
541 1992 592 2040 et
624 1989 948 2042 circumcisio
976 1992 1026 2042 et
1051 1991 1396 2058 praeputiatio
1424 1990 1511 2049 uni
1546 1991 1638 2042 deo
1673 1990 2069 2057 deputabantur,
2101 2007 2141 2039 20

192 2075 307 2128 ideo
363 2078 580 2143 utraque
633 2078 684 2128 in
728 2077 934 2130 Christo
974 2078 1231 2130 uacabant
1275 2082 1483 2144 propter
1521 2078 1640 2130 fidei
1680 2078 2068 2146 praelationem,

196 2162 340 2215 illius
380 2163 518 2231 fidei,
561 2166 622 2217 de
666 2183 765 2233 qua
807 2169 914 2218 erat
955 2166 1228 2232 scriptum:
1273 2171 1330 2218 et
1368 2167 1427 2218 in
1467 2167 1706 2219 nomine
1748 2166 1880 2218 eius
1921 2167 2068 2218 nati-

197 2267 339 2303 ones
382 2253 647 2317 credent,
687 2254 832 2306 illius
866 2254 1000 2318 fidei,
1043 2270 1196 2320 quam
1230 2255 1443 2307 dicendo
1477 2272 1567 2322 per
1599 2255 1928 2308 dilectionem
1960 2271 2069 2320 per-

193 2338 278 2391 fici
317 2341 392 2392 sic
430 2357 634 2408 quoque
675 2343 918 2395 creatoris
961 2342 1203 2395 ostendit.
1245 2343 1357 2395 siue
1401 2344 1535 2395 enim
1576 2343 1904 2396 dilectionem
1946 2342 2072 2394 dicit

195 2443 325 2494 quae
364 2429 416 2480 in
458 2430 629 2494 deum,
679 2433 730 2483 et
769 2432 866 2483 hoc
908 2432 1151 2484 creatoris
1194 2433 1295 2483 est:
1345 2431 1574 2499 diliges
1617 2431 1792 2483 deum
1834 2447 1899 2482 ex
1937 2433 2067 2482 toto
2100 2450 2140 2481 25

196 2515 374 2568 corde
429 2519 534 2570 tuo
592 2521 649 2570 et
705 2535 768 2570 ex
821 2523 954 2571 tota
1009 2520 1206 2572 anima
1252 2522 1358 2571 tua
1405 2523 1462 2571 et
1511 2537 1575 2572 ex
1621 2520 1777 2571 totis
1826 2519 2066 2571 uiribus

194 2604 337 2666 tuis,
394 2605 506 2657 siue
556 2622 683 2672 quae
731 2607 780 2658 in
831 2607 1139 2674 proximum,
1181 2609 1254 2659 et:
1311 2608 1647 2675 proximum
1703 2610 1874 2659 tuum
1928 2610 2068 2658 tam-

341 2748 383 2804 2]
418 2748 513 2792 Gal.
546 2749 588 2799 5,
622 2749 659 2791 1.
751 2749 795 2805 8]
831 2751 903 2793 Ps.
938 2752 978 2805 2,
1003 2751 1052 2794 -3.
1144 2752 1189 2807 9]
1223 2750 1294 2793 Ps.
1330 2752 1369 2802 2,
1403 2751 1530 2794 1--2.
1633 2752 1700 2807 11]
1736 2751 1789 2794 cf.
1825 2750 1920 2795 Gal.
1954 2752 1994 2802 5,
2028 2752 2067 2793 2.

195 2821 267 2876 13]
299 2821 418 2864 Hier.
451 2823 493 2872 4,
525 2823 566 2864 4.
651 2822 720 2878 15]
753 2822 888 2868 Deut.
922 2824 988 2875 10,
1025 2823 1092 2866 16.
1186 2824 1259 2880 17]
1297 2823 1350 2867 cf.
1385 2824 1481 2870 Gal.
1516 2827 1555 2879 5,
1589 2826 1627 2869 6.
1713 2825 1786 2880 22]
1821 2824 1896 2868 Es,
1928 2824 2001 2876 42,
2026 2825 2066 2867 4.

194 2896 265 2950 23]
301 2895 353 2937 cf.
388 2894 484 2940 Gal.
519 2896 559 2949 5,
594 2896 632 2940 6.
725 2896 796 2952 25]
830 2896 964 2940 Dent.
998 2899 1039 2948 6,
1073 2897 1112 2940 5.
1205 2898 1276 2954 27]
1310 2897 1415 2941 Leu.
1454 2899 1519 2949 19,
1557 2900 1622 2942 18.

252 2998 276 3038 2
311 2996 653 3041 delineationem
686 2998 761 3053 Rss,
796 2999 1136 3043 declinationem
1168 2999 1288 3043 MR1
1377 3015 1455 3043 nos
1487 3001 1629 3043 Pam:
1660 3015 1738 3043 uos
1770 3001 1871 3044 MR
1937 3002 1964 3044 4
1988 3015 2067 3044 nec

196 3070 312 3113 Iun:
346 3085 400 3114 ne
431 3072 533 3115 MR
667 3073 692 3116 5
727 3075 948 3116 soluturus
980 3073 1057 3125 Rss,
1092 3073 1261 3117 solutos
1294 3073 1415 3117 ΜΗ1
1549 3077 1574 3119 6
1606 3074 1777 3118 merito.
1812 3088 1898 3118 non
1930 3075 2067 3131 uulyo

196 3144 218 3185 7
252 3144 297 3187 id
330 3147 397 3187 est
424 3145 607 3201 MR3G,
641 3147 712 3189 uel
743 3146 805 3190 R1
889 3148 936 3190 11
975 3147 1188 3202 exemptis
1219 3148 1404 3202 scripsi:
1435 3149 1660 3204 exemptos
1692 3147 1792 3191 MR
1877 3147 1930 3190 12
1964 3162 2066 3190 eua—

196 3217 296 3261 dere
329 3232 445 3273 susp.
478 3219 595 3275 ΕΦΨ,
630 3225 757 3264 tuens
786 3234 928 3275 supra
961 3223 1196 3277 exemptos
1320 3221 1371 3263 18
1405 3224 1450 3263 et
1481 3221 1852 3263 circumcisionem
1884 3219 2064 3275 MR3G,

196 3304 244 3333 ex
277 3291 603 3335 circumcisione
635 3292 698 3336 R1
817 3294 868 3336 21
905 3294 1124 3337 uacabant
1155 3294 1222 3348 M,
1255 3294 1446 3337 uacabat
1475 3294 1520 3338 R
1638 3295 1693 3337 27
1728 3296 1790 3337 et:
1823 3294 2065 3350 proximum

194 3366 322 3421 Eny:
357 3368 402 3407 et
432 3366 673 3421 proximum
706 3368 840 3422 uulyo
