2248 3646
223 229 326 278 320
627 223 814 275 Quinti
848 223 1074 278 Septimi
1104 223 1376 265 Florentis
1409 223 1736 266 Tertulliani

223 385 346 451 quid
394 385 526 436 enini
575 388 681 435 tam
728 383 1010 450 malignum
1062 399 1212 449 quam
1259 385 1394 434 nolle
1441 383 1686 450 prodesse
1734 400 1850 436 cum
1898 386 2085 451 possiS,

222 489 375 539 quam
400 474 681 523 utilitatem
707 472 949 533 cruciare,
986 488 1138 537 quam
1164 472 1403 522 iniuriam
1436 472 1636 523 sinere?
1669 474 1838 523 totum
1872 472 2086 538 denique

223 561 465 613 creatoris
530 560 755 629 elogium
815 559 866 609 in
928 560 1076 610 illum
1129 559 1454 621 rescribetur,
1519 559 1608 624 qui»
1668 560 1913 614 saeuitias
1975 560 2085 611 eius

226 649 468 701 bonitatis
519 663 640 699 suae
688 663 831 699 mora
877 647 1028 698 iuuit.
1091 664 1207 698 nam
1252 648 1304 697 in
1354 646 1501 697 cuius
1550 663 1705 698 manu
1745 650 1825 699 est
1863 649 1986 714 quid
2026 664 2087 699 ne

224 738 327 801 fiat,
370 739 479 790 eius
512 738 615 789 iam
658 736 949 802 deputatur,
993 751 1112 786 cum
1149 735 1220 788 fit.
1277 735 1428 786 homo
1472 735 1741 786 damnatur
1778 736 1827 786 in
1868 738 2085 787 mortem

225 827 285 879 ob
319 827 471 877 unius
514 825 820 876 arbusculae
861 824 1241 886 delibationem,
1283 825 1333 874 et
1373 822 1548 874 exinde
1588 822 1862 887 proficiunt
1902 823 2090 875 delicta

224 930 338 965 cum
377 913 554 979 poenis
604 915 654 963 et
692 914 906 978 pereunt
944 912 1043 962 iam
1088 927 1281 971 omnes,
1331 910 1417 977 qui
1458 910 1680 977 paradisi
1730 910 1930 961 nullum
1980 927 2089 963 cae-

225 1001 414 1067 spitem
439 1002 642 1051 norunt.
675 1002 726 1050 et
750 1000 846 1050 hoc
872 999 1055 1050 melior
1079 997 1238 1064 aliqui
1264 998 1388 1049 deus
1417 1001 1506 1048 aut
1529 998 1695 1049 nescit
1719 1001 1809 1048 aut
1833 999 2087 1050 sustinet?

226 1090 269 1141 si
295 1092 352 1139 ut
377 1104 434 1138 ex
458 1088 554 1139 hoc
572 1087 755 1138 melior
771 1086 1104 1148 inueniretur,
1133 1090 1322 1151 quanto
1344 1088 1540 1137 creator
1558 1085 1777 1137 deterior
1800 1086 2087 1147 haberetur,

226 1177 352 1228 satis
381 1175 504 1226 etin
529 1175 630 1226 isto
658 1175 872 1226 consilio
899 1174 1209 1237 malitiosuS,
1245 1174 1329 1240 qui
1355 1178 1407 1224 et
1429 1174 1575 1224 illum
1609 1174 1778 1224 uoluit
1809 1176 2087 1235 oneratum,

227 1263 609 1330 operationibus
645 1261 755 1313 eius
790 1262 1049 1322 admissis,
1092 1264 1143 1313 et
1174 1261 1438 1319 saeculum
1470 1262 1519 1311 in
1554 1261 1821 1312 uexatione
1855 1261 2088 1332 detinuit.

228 1351 351 1418 quid
405 1350 464 1402 de
520 1351 611 1401 tali
665 1351 863 1401 medico
919 1350 1189 1411 iudicabis,
1254 1350 1342 1416 qui
1401 1350 1595 1401 nutriat
1653 1349 1890 1400 morbum
1949 1365 2091 1401 mora

228 1440 468 1507 praesidii
500 1442 550 1490 et
582 1439 869 1505 periculum
898 1439 1137 1490 extendat
1162 1438 1404 1489 dilatione
1429 1437 1656 1500 remedii,
1691 1453 1788 1503 quo
1813 1437 2089 1502 pretiosius

229 1531 316 1579 aut
355 1527 606 1579 famosius
649 1529 825 1578 curet?
881 1527 1000 1577 talis
1043 1529 1093 1577 et
1132 1527 1180 1577 in
1222 1525 1372 1576 deum
1414 1525 1691 1576 Marcionis
1733 1525 1945 1576 dicenda
1983 1541 2092 1576 sen-

227 1616 389 1667 tentia
429 1618 522 1678 est,
570 1615 693 1666 mali
732 1616 1111 1681 permissorem,
1161 1614 1372 1664 iniuriae
1413 1614 1684 1675 fautorem,
1726 1614 1917 1680 grat-iae
1955 1614 2090 1664 leno-

229 1705 526 1766 cinatorem,
596 1703 929 1770 benignitatis
995 1702 1470 1768 praeuaricatorem,
1543 1717 1693 1767 quam
1757 1717 1853 1753 non
1915 1702 2090 1752 statim

231 1808 414 1843 causae
450 1808 571 1843 suae
605 1792 858 1853 exhibuit3
894 1791 1041 1858 plane
1068 1791 1404 1853 exhibiturus,
1432 1790 1475 1841 si
1508 1793 1688 1841 natura
1717 1789 1881 1841 bonus
1915 1792 1966 1841 et
1994 1806 2091 1841 non

232 1880 543 1942 accessione,
594 1881 637 1931 si
683 1878 887 1948 ingenio
939 1880 1165 1945 optimus
1219 1882 1268 1929 et
1313 1895 1411 1930 non
1453 1878 1738 1943 disciplina,
1780 1878 1824 1928 si
1863 1878 1924 1928 ab
1966 1893 2091 1929 aeuo

233 1969 357 2019 deus
386 1971 436 2019 et
462 1985 559 2020 non
587 1967 851 2028 aTiberio,
877 1966 1053 2030 immo,
1075 1967 1211 2032 quod
1235 1966 1425 2028 ueriUS,
1447 1982 1474 2017 a
1493 1965 1717 2018 Cerdone
1745 1969 1794 2016 et
1820 1966 2091 2018 Marcione.

306 2056 507 2108 Tiberio
557 2071 690 2106 nunc
738 2055 862 2106 deus
909 2055 998 2106 ille
1060 2054 1392 2121 praestiterit,
1459 2056 1516 2104 ut
1575 2053 1788 2118 imperio
1845 2053 1954 2104 eius
2018 2053 2091 2103 di-

235 2144 354 2194 uina
413 2143 615 2194 bonitas
671 2144 720 2194 in
776 2143 923 2194 terris
981 2142 1315 2203 dedicaretur,
1387 2143 1469 2193 23.
1525 2142 1678 2192 aliam
1732 2141 1809 2191 illi
1861 2141 2091 2207 regulam

233 2232 534 2298 praetendo:
592 2231 729 2282 sicut
774 2230 1042 2291 naturalia,
1095 2231 1171 2281 ita
1215 2229 1484 2281 rationalia.
1531 2245 1643 2280 esse
1692 2229 1871 2280 debere
1910 2229 1960 2278 in
2002 2228 2093 2280 deo

236 2319 418 2370 omnia.
483 2320 627 2386 exigo
668 2319 918 2371 rationem
959 2318 1223 2378 bonitatis,
1277 2317 1392 2382 quia
1433 2333 1524 2367 nec
1564 2316 1703 2367 aliud
1746 2315 1867 2382 quid
1905 2317 2095 2367 bonum

236 2407 408 2458 haberi
438 2408 610 2469 liceat,
653 2406 789 2472 quod
821 2422 920 2457 non
952 2406 1270 2456 rationaliter
1307 2406 1496 2456 bonum
1538 2404 1621 2457 sit.
1664 2404 1851 2455 nedum
1890 2406 1949 2454 ut
1986 2405 2098 2471 ipsa

238 2495 436 2546 bonitas
468 2494 786 2545 inrationalis
823 2493 1241 2560 deprehendatur.
1284 2492 1486 2543 facilius
1520 2492 1731 2556 malum,
1774 2491 1855 2543 cui
1887 2491 2096 2542 rationis

237 2582 429 2648 aliquid
470 2582 705 2643 adfuerit,
754 2598 843 2648 pro
886 2582 1017 2632 bono
1067 2580 1342 2631 habebitur
1382 2596 1530 2644 quam
1574 2582 1633 2630 ut
1671 2580 1862 2630 bonum
1901 2579 2096 2630 ratione

238 2672 496 2722 desertum
532 2686 629 2721 non
670 2686 757 2737 pro
799 2670 932 2720 malo
973 2669 1245 2720 iudicetur.
1308 2684 1437 2734 nego
1477 2668 1775 2718 rationalem
1817 2667 2097 2719 bonitatem

238 2760 318 2810 dei
366 2759 642 2809 Marcionis
691 2758 791 2808 iam
841 2759 937 2808 hoc
985 2759 1167 2822 primo,
1223 2756 1357 2823 quod
1411 2757 1460 2806 in
1517 2756 1736 2806 salutem
1791 2755 2098 2821 processerit

238 2847 458 2898 hominis
509 2846 677 2897 alieni.
743 2847 849 2896 scio
899 2845 1127 2896 dicturos
1183 2844 1360 2910 atquin
1414 2844 1543 2894 hanc
1599 2859 1709 2894 esse
1762 2842 2097 2909 principalem

296 2994 321 3034 2
339 2992 578 3034 utilitatem
599 2992 788 3034 cruciare
802 2991 912 3045 MF,
934 2992 1127 3033 utilitate
1147 2991 1328 3033 cruciari
1344 2991 1387 3034 R
1447 2992 1471 3033 6
1490 2989 1723 3045 proficiunt
1734 2988 1847 3040 MF,
1865 2988 2102 3043 prosiliunt

239 3066 282 3109 R
363 3067 386 3108 9
406 3067 442 3107 si
458 3068 508 3107 ut
523 3065 656 3117 JlIR3,
676 3066 788 3108 sicut
803 3064 866 3107 1231
955 3065 1203 3118 haberetur,
1222 3065 1328 3106 satis
1347 3078 1436 3106 van
1454 3063 1530 3106 der
1553 3063 1692 3105 Vliet:
1709 3061 1974 3104 baberetur?
1991 3062 2099 3103 satis

238 3140 373 3194 uulqo
437 3141 489 3182 10
507 3140 614 3180 satis
633 3141 700 3180 est
721 3152 841 3192 susp.
859 3139 961 3194 Em)
1051 3140 1275 3180 oneratum
1295 3137 1353 3181 R.
1376 3137 1634 3179 honeratum
1652 3135 1756 3178 MF
1815 3135 1862 3177 11
1885 3134 2099 3188 admissis,

241 3217 285 3255 et
300 3213 437 3254 Pam:
455 3212 705 3254 admisisset
720 3211 853 3267 MR1,
871 3212 1050 3254 admissi
1073 3215 1117 3254 et
1140 3211 1204 3255 [23
1288 3212 1337 3253 16
1363 3212 1716 3266 praeuacatorem
1743 3208 1803 3250 M
1861 3209 1910 3250 17
1937 3208 2099 3249 exhibi-

241 3292 376 3335 turus,
395 3288 431 3327 si
450 3290 605 3328 natura
623 3286 776 3335 bonus,
797 3285 1068 3327 exhibiturus
1078 3284 1177 3326 MR
1237 3285 1288 3326 21
1311 3284 1460 3325 diuina
1478 3283 1651 3325 bonitas
1667 3282 1711 3323 in
1730 3282 1858 3324 terris
1875 3280 1932 3333 R,
1951 3281 2101 3322 diuina

242 3361 283 3400 in
309 3359 436 3401 terris
462 3359 635 3401 bonitas
659 3359 715 3401 M
804 3358 1093 3401 dedicaretur.
1119 3358 1248 3400 aliam
1273 3358 1429 3411 zoulyo:
1451 3356 1563 3398 satis
1586 3356 1826 3411 infeliciter
1846 3354 1918 3397 hic
1942 3353 2099 3396 distin·

237 3437 440 3487 yumztur
463 3431 615 3486 capita
675 3432 729 3474 22
746 3431 811 3473 ita
833 3431 1065 3473 rationalia
1081 3430 1195 3485 MR,
1212 3430 1431 3474 naturalia
1446 3429 1495 3471 F
1564 3442 1658 3471 esse
1683 3427 1839 3470 debere
1856 3425 1922 3480 M,
1949 3439 2041 3468 esse
2058 3425 2102 3468 R

2139 756 2159 787 ὃ

2123 1196 2163 1226 10

2125 1636 2164 1667 15

2124 2074 2165 2106 20

2130 2513 2170 2545 25
