2248 3646
192 210 259 259 26
573 204 760 257 Quinti
796 206 1026 262 Septimi
1057 206 1335 249 Florentis
1369 206 1702 249 Tertulliani

193 367 240 416 in
262 367 626 434 Pythagoram,
654 366 908 417 Homerus
934 365 985 415 in
1006 381 1217 432 pauum,
1235 365 1450 432 re<dire>
1478 369 1798 430 censeantur,
1827 373 1959 419 certe
1985 386 2055 419 re-

192 454 478 505 cidiuatum
493 455 690 505 animae
706 454 1020 521 corporalem
1033 453 1510 520 pronuntiauerunt,
1522 454 1844 506 tolerabilius
1860 459 2059 507 mutata

190 558 343 607 quam
381 545 567 608 negata
607 541 873 608 qualitate,
899 540 1106 607 pulsata
1138 541 1339 604 saltem,
1370 541 1494 593 licet
1524 550 1622 593 no'n
1657 542 1794 593 adita
1826 544 2058 595 ueritate.

191 630 261 680 ita
295 631 560 681 saeculum
592 628 1019 680 resurrectionem
1047 630 1369 679 mortuorum
1402 644 1494 680 nec
1528 645 1645 680 cum
1679 633 1812 680 errat
1842 630 2055 697 ignorat.

264 719 310 768 2.
355 716 409 768 Si
448 733 570 768 uero
613 719 664 768 et
705 715 842 782 apud
882 715 1035 766 deum
1077 716 1250 782 aliqua
1290 718 1432 767 secta
1473 719 1553 768 est
1583 716 1851 782 Epicureis
1890 718 2056 785 magis

188 804 368 855 adfinis
432 820 585 870 quam
646 802 930 870 prophetis,
994 803 1236 866 sciemus,
1301 803 1425 870 quid
1489 803 1702 856 audiant
1763 821 1790 856 a
1853 804 2058 856 Christo

191 890 455 943 Saducaei.
513 890 722 943 Christo
780 890 913 941 enim
971 890 1275 941 seruabatur
1328 891 1501 942 omnia
1545 893 1680 943 retro
1731 892 1932 943 occulta
1970 908 2061 943 nu-

190 979 323 1040 dare,
367 979 598 1030 dubitata
638 978 871 1045 dirigere,
913 977 1197 1043 praelibata
1238 978 1494 1045 supplere,
1535 979 1828 1045 praedicata
1866 995 2061 1045 reprae-

190 1070 403 1130 sentare,
444 1069 768 1117 mortuorum
810 1069 945 1116 certe
976 1066 1406 1117 resurrectionem
1439 1082 1537 1118 non
1570 1066 1722 1119 modo
1755 1083 1844 1133 per
1878 1070 2061 1119 semet-

185 1155 360 1221 ipsum
422 1170 604 1205 uerum
662 1153 816 1204 etiam
870 1153 922 1203 in
980 1152 1260 1219 semetipso
1309 1154 1540 1220 probare.
1595 1170 1730 1206 nunc
1778 1157 1947 1206 autern
1997 1155 2058 1206 ad

189 1242 316 1293 alios
368 1241 662 1294 Saducaeos
715 1256 1098 1307 praeparamur,
1156 1240 1430 1307 partiarios
1488 1241 1775 1292 sententiae
1829 1241 2058 1293 illorum:

189 1330 452 1381 dimidiam
518 1332 802 1397 agnoscunt
855 1329 1305 1391 resurrectionem,
1372 1328 1533 1380 solius
1590 1329 1792 1381 scilicet
1846 1330 2058 1391 animae,

186 1418 259 1468 ita
314 1417 572 1484 aspernati
619 1432 837 1479 carnem,
894 1417 1031 1467 sicut
1080 1418 1131 1467 et
1176 1416 1350 1483 ipsum
1391 1416 1654 1469 dominum
1697 1417 1876 1469 carnis.
1930 1418 2060 1469 nulli

187 1506 405 1572 denique
475 1504 563 1556 alii
625 1505 847 1556 salutem
910 1504 1159 1571 corporali
1223 1505 1548 1557 substantiae
1610 1505 1845 1557 inuident
1906 1522 2057 1571 quam

187 1593 397 1644 alterius
470 1591 754 1643 diuinitatis
825 1592 1083 1644 haeretici.
1158 1591 1379 1658 ideoque
1450 1594 1503 1643 et
1571 1592 1833 1645 Christum
1911 1593 2059 1645 aliter

188 1680 456 1747 disponere
511 1679 692 1738 coacti,
740 1695 800 1730 ne
850 1679 1096 1732 creatoris
1143 1679 1410 1743 habeatur,
1461 1680 1511 1730 in
1560 1680 1674 1746 ipsa
1719 1681 1862 1748 prius
1911 1696 2058 1732 carne

185 1767 296 1819 eius
338 1769 650 1829 errauerunt,
693 1769 782 1817 aut
820 1767 1015 1818 nullius
1056 1767 1296 1819 ueritatis
1331 1768 1695 1820 contendentes
1732 1785 1840 1820 eam
1878 1784 2057 1820 secun-

2089 1176 2131 1208 10

2089 1613 2129 1645 15

185 1855 305 1906 dum
347 1854 662 1906 Marcionem
719 1857 770 1905 et
815 1852 1077 1906 Basiliden
1136 1858 1225 1906 aut
1277 1855 1512 1922 propriae
1554 1856 1820 1921 qualitatis
1880 1872 2057 1908 secun·
2124 1896 2127 1898 -

186 1943 307 1993 dum
361 1943 599 1994 haereses
653 1938 908 1993 Valentini
956 1945 1007 1994 et
1051 1944 1321 2010 Appellen.
1379 1945 1531 2010 atque
1578 1944 1653 1994 ita
1702 1945 1952 2010 sequitur,
1999 1948 2059 1997 ut

186 2032 405 2082 salutem
447 2030 557 2082 eius
600 2030 918 2082 substantiae
951 2030 1240 2094 excludant,
1283 2030 1431 2083 cuius
1467 2030 1732 2083 Christum
1767 2035 2057 2084 consortem

183 2122 388 2186 negant,
447 2118 571 2170 certi
616 2118 762 2169 illam
810 2135 1012 2171 summo
1050 2118 1366 2185 praeiudicio
1407 2120 1798 2172 resurrectionis
1838 2120 2058 2173 instruc-

183 2210 304 2268 tam,
369 2208 413 2258 si
473 2207 575 2257 iam
631 2207 681 2257 in
739 2206 943 2258 Christo
1000 2207 1278 2259 resurrexit
1332 2223 1464 2259 caro,
1527 2211 1797 2275 propterea
1860 2211 1911 2260 et
1963 2224 2055 2260 nos

188 2296 429 2347 uolumen
468 2295 829 2361 praemisimus
871 2296 948 2346 ‘de
991 2312 1138 2347 carne
1182 2295 1409 2359 Christi',
1453 2312 1551 2362 quo
1594 2312 1706 2348 eam
1747 2298 1799 2348 et
1838 2296 2055 2349 solidam

185 2383 461 2450 probamus
532 2383 806 2434 aduersum
877 2384 1253 2448 phantasmatis
1323 2385 1603 2436 uanitatem
1669 2387 1720 2435 et
1779 2384 2057 2436 humanam

185 2471 510 2522 uindicamus
566 2471 815 2522 aduersus
871 2472 1138 2536 qualitatis
1186 2472 1570 2538 proprietatem,
1626 2473 1773 2523 cuius
1822 2472 2054 2524 condicio

187 2558 450 2610 Christum
492 2561 542 2610 et
580 2558 841 2609 hominem
883 2562 932 2609 et
971 2559 1136 2609 filium
1177 2559 1404 2610 hominis
1440 2559 1777 2626 inscripserit.
1818 2576 2055 2611 carneum

187 2649 318 2698 enim
389 2652 543 2713 atque
607 2662 905 2712 corporeum
970 2648 1244 2712 probantes
1308 2664 1443 2707 eum,
1513 2648 1723 2714 proinde
1786 2650 1837 2698 et
1898 2648 2054 2699 obdu-

187 2738 351 2786 cimus
406 2734 800 2801 praescribendo
857 2734 1055 2786 nullum
1112 2735 1270 2786 alium
1312 2735 1624 2787 credendum
1663 2736 1813 2787 deum
1856 2739 2056 2802 praeter

332 2881 372 2934 ω]
408 2879 460 2922 ef.
494 2879 651 2920 Matth.
686 2880 756 2925 22.
790 2879 976 2923 23-33,

246 2967 264 3008 1
300 2966 504 3021 re<dire>
536 2969 794 3008 censeantur
824 2967 952 3022 Eny:
987 2970 1296 3010 recenseantur
1317 2968 1465 3010 PMF
1579 2971 1903 3010 recenseantur.
1937 2971 2054 3010 certe

185 3041 318 3095 mdyo
403 3041 427 3082 3
461 3040 616 3081 saltem
649 3041 786 3096 Bmy:
817 3041 960 3082 salute
991 3040 1141 3083 PMF
1256 3040 1378 3083 adita
1407 3041 1507 3090 FB,
1542 3040 1695 3083 addita
1724 3040 1824 3082 PM
1893 3042 1944 3083 13
1975 3054 2053 3083 uo-

186 3113 395 3155 cabulum
431 3113 496 3155 ita
533 3113 583 3154 in
623 3112 751 3155 libris
788 3127 887 3156 mss.
924 3118 1028 3168 post
1067 3113 1239 3155 illorum
1279 3115 1369 3168 (11)
1409 3113 1630 3156 traditum
1668 3113 1754 3157 huc
1792 3114 2055 3169 transposui

189 3187 239 3228 16
267 3187 473 3228 creatoris
497 3187 631 3242 Bmy:
659 3193 828 3229 creator
853 3187 993 3230 carnis
1018 3187 1166 3229 PMF
1235 3188 1291 3231 20
1332 3190 1575 3230 consortem
1615 3191 1782 3243 negant
1804 3188 1861 3239 B,
1885 3190 2053 3243 negant

184 3258 331 3301 PMF
410 3260 463 3301 22
489 3261 723 3302 resurrexit
745 3260 899 3303 FGeZ:
922 3261 1208 3303 resurrexerit
1230 3261 1334 3303 PM
1409 3262 1464 3303 24
1488 3262 1733 3303 uanitatem
1756 3261 1866 3312 PM,
1887 3260 2051 3303 natiui-

183 3335 321 3375 tatem
354 3332 403 3375 F
518 3333 746 3376 aduersum
782 3354 836 3370 Ξ
867 3347 1024 3390 9696ης
1056 3333 1266 3376 aduersus
1297 3334 1399 3390 (25)
1431 3355 1486 3372 =
1521 3334 1769 3390 anyesiehts
1886 3334 1939 3376 27
1972 3333 2049 3376 ob-

187 3405 382 3448 ducimus
416 3406 618 3449 absolute
640 3407 840 3461 positum
872 3428 925 3443 =
959 3407 1162 3462 obsieqen
1194 3409 1249 3461 cf.
1277 3422 1324 3461 p.
1362 3411 1472 3461 404,
1509 3412 1536 3450 4

2087 2052 2130 2083 20

2087 2492 2129 2524 25
