2248 3646
221 273 286 323 98
591 266 782 318 Quinti
816 265 1044 321 Septimi
1076 265 1352 307 Floren'tis
1384 261 1712 307 Tertulliani

222 431 445 492 discunt,
486 429 642 480 unde
691 430 749 479 et
796 426 1323 479 salutificatorem
1370 428 1646 477 nostrum
1695 433 2084 494 expectamus

224 519 419 569 Iesum
478 515 815 576 Christum,
872 514 973 580 qui
1027 513 1504 580 transfigurabit
1567 529 1786 581 corpus
1841 520 2086 569 nostrae

221 604 604 656 humilitatis
638 602 1014 654 conformale
1049 602 1291 668 corpori
1325 603 1560 669 gloriae
1595 618 1755 664 suae,
1790 603 1898 655 sine
1933 604 2086 657 dubio

220 694 340 759 post
384 691 828 759 resurrectionem,
886 690 1005 756 quia
1051 705 1143 741 nec
1187 690 1298 756 ipse
1348 689 1585 742 Christus
1637 692 1954 758 glorificatus
2011 697 2090 745 est

222 783 337 831 ante
390 780 698 846 passionem.
751 779 877 829 haec
932 782 1082 829 erunt
1143 794 1354 845 corpora
1405 782 1596 842 nostra,
1650 795 1778 845 quae
1832 781 2087 832 Romanos
2141 800 2160 829 5

224 869 458 921 obsecrat
521 867 757 921 exhibere
820 866 1047 918 hostiam
1109 865 1285 917 uiuam
1346 870 1574 918 sanctam
1634 868 1929 932 placibilem
1985 868 2091 921 deo.

224 956 481 1022 quomodo
513 955 707 1018 uiuam,
736 954 777 1006 si
811 954 1037 1022 peritura
1070 957 1225 1005 sunt?
1253 955 1507 1020 quomodo
1542 958 1787 1018 sanctam,
1815 955 1858 1006 si
1882 956 2093 1022 profana

224 1047 378 1095 sunt‘?
420 1042 676 1109 quomodo
717 1042 1031 1108 placibilem,
1082 1042 1126 1093 si
1167 1041 1407 1093 damnata
1447 1046 1602 1094 sunt?
1650 1059 1744 1111 age
1790 1044 1908 1105 iam,
1957 1043 2091 1109 quod

224 1132 287 1184 ad
325 1131 787 1183 Thesalonicenses
827 1130 992 1197 ipsius
1035 1130 1158 1181 solis
1199 1130 1339 1182 radio
1380 1133 1557 1196 putem
1599 1132 1866 1197 scriptum,
1916 1162 1980 1167 -—
2020 1132 2094 1183 ita

223 1221 396 1282 claret,
438 1249 506 1256 -
547 1218 769 1284 qualiter
808 1218 1060 1285 accipient
1098 1219 1359 1286 lucifugae
1396 1219 1487 1270 isti
1526 1220 1920 1285 scripturarum:
1961 1221 2092 1286 ipse
2127 1240 2164 1270 ιο

224 1311 425 1359 autem
475 1306 620 1358 deus
668 1306 838 1372 pacis
889 1306 1253 1357 sanctificet
1298 1322 1407 1358 uos
1457 1310 1658 1358 totos?
1708 1322 1806 1358 non
1864 1307 2091 1360 sufficit?

225 1395 314 1449 sed
355 1395 612 1462 sequitur:
665 1397 722 1445 et
759 1394 1065 1461 integrum
1107 1410 1327 1462 corpus
1376 1398 1654 1446 uestrum
1705 1399 1762 1447 et
1803 1397 1996 1447 anima
2038 1399 2094 1447 et

225 1483 490 1550 spiritus
527 1483 657 1534 sine
692 1481 941 1547 querela
968 1486 1420 1534 conseruentur
1444 1484 1501 1534 in
1527 1484 1881 1550 praesentia
1914 1485 2094 1536 domi·

225 1573 295 1624 ni.
334 1571 494 1623 habes
536 1586 735 1623 omnem
779 1571 1122 1621 substantiam
1163 1571 1384 1623 hominis
1432 1573 1590 1623 saluti
1629 1572 1955 1636 destinatam,
2004 1589 2095 1625 nec

226 1659 324 1711 alio
366 1662 597 1725 tempore
640 1674 793 1724 quam
839 1659 890 1709 in
931 1658 1157 1710 aduentu
1205 1659 1414 1724 domini,
1463 1662 1550 1726 qui
1598 1661 1759 1712 clauis
1808 1664 1887 1713 est
1931 1678 2096 1713 resur·
2130 1681 2166 1710 15

225 1748 484 1799 rectionis

298 1836 384 1886 48.
428 1835 528 1887 Sed
577 1851 732 1898 carO,
779 1836 971 1901 inquiS,
1024 1839 1080 1886 et
1128 1837 1380 1904 sanguis
1428 1853 1675 1905 regnum
1726 1838 1822 1889 dei
1868 1838 2095 1890 heredi-

227 1924 340 1974 tati
381 1923 704 1990 possiderc
744 1939 856 1975 non
895 1927 1169 1990 possunt.
1212 1925 1405 1976 scimus
1445 1925 1542 1977 hoc
1584 1942 1787 1992 quoque
1828 1926 2094 1993 scriptum,

226 2011 316 2062 sed
356 2011 416 2062 (16
464 2011 723 2063 industria
771 2012 1072 2064 distulimus
1122 2013 1407 2080 hucusque,
1454 2017 1513 2064 ut
1553 2014 1688 2081 quod
1727 2014 2005 2066 aduersarii
2045 2014 2094 2065 in

227 2100 388 2166 prima
422 2100 598 2150 statim
633 2102 741 2152 acie
775 2101 1069 2163 obstruunt,
1109 2102 1159 2153 in
1202 2102 1387 2153 ultima
1418 2103 1779 2169 congressione
1810 2107 2095 2170 prosterne-
2128 2122 2167 2153 ρο

224 2203 413 2251 remim,
455 2188 694 2240 omnibus
729 2189 1119 2255 quaestionibus
1153 2191 1300 2255 quasi
1334 2191 1537 2242 auxiliis
1570 2191 1682 2241 eius
1716 2193 1830 2242 ante
1863 2191 2092 2243 deiectis

227 2275 317 2327 sed
350 2279 399 2326 et
431 2292 565 2326 nunc
600 2277 835 2343 expediet
864 2277 1221 2343 praecedentia
1252 2279 1567 2346 recognosci,
1600 2282 1661 2330 ut
1685 2283 1736 2331 et
1767 2279 1886 2330 huic
1920 2280 2100 2331 sensui

227 2379 321 2415 sua
354 2362 496 2430 origo
529 2364 863 2428 praeiudicet.
904 2369 964 2416 ut
1003 2366 1200 2433 opinor,
1236 2367 1504 2432 apostolus
1539 2367 1791 2435 disposita
1822 2367 1886 2418 ad
1925 2366 2096 2419 Corin-

226 2451 366 2503 thios
407 2452 544 2502 omni
593 2452 924 2504 distinctione
964 2454 1347 2507 ecclesiasticae
1394 2455 1696 2522 disciplinae
1744 2471 1999 2508 summam
2046 2460 2096 2507 61

227 2539 307 2591 sui
348 2539 603 2606 euangelii
656 2542 708 2591 et
752 2539 871 2592 fidei
923 2542 1132 2594 illorum
1177 2544 1229 2594 in
1277 2543 1561 2596 dominicae
1613 2545 1795 2597 mortis
1843 2548 1894 2595 et
1930 2560 2096 2595 resur·
2126 2560 2169 2592 25

226 2627 469 2679 rectionis
503 2628 896 2680 demandatione
929 2633 1268 2696 concluserat,
1307 2634 1368 2683 ut
1399 2635 1684 2685 et'nostrae
1717 2633 1826 2699 spei
1864 2633 2093 2701 regulam

226 2715 345 2765 inde
409 2715 700 2778 deduceret,
763 2717 898 2769 unde
952 2721 1223 2770 constaret.
1276 2721 1451 2786 itaque
1513 2720 1727 2773 subicit:
1790 2721 1841 2773 si
1896 2724 2095 2772 autem

231 2801 517 2855 Christus
579 2805 982 2871 praedicatur
1044 2807 1203 2874 quod
1258 2824 1286 2859 a
1347 2808 1608 2864 mortuis
1669 2809 2093 2872 resurrexerit,

378 2961 419 3015 1]
444 2960 559 3003 Phil.
583 2962 624 3017 3,
642 2962 712 3005 21.
796 2962 841 3017 5]
859 2962 912 3006 cf.
930 2963 1052 3007 Rom.
1073 2965 1139 3019 12,
1162 2965 1199 3008 1.
1284 2966 1356 3021 lo]
1376 2966 1564 3009 [These.
1583 2967 1623 3021 5,
1640 2967 1710 3010 23.
1797 2967 1868 3022 15]
1889 2966 1941 3009 cf.
1958 2967 2095 3023 Apoc.

232 3033 268 3087 1,
290 3033 356 3076 18.
421 3034 493 3090 17]
519 3034 542 3076 I
567 3032 664 3080 Cor.
684 3036 736 3079 15
783 3037 853 3081 50.
944 3037 1018 3093 23]
1040 3037 1092 3081 cf.
1111 3038 1133 3081 I
1154 3038 1483 3091 Cor.15‚1--9.
1545 3041 1619 3097 27]
1645 3040 1668 3083 I
1692 3039 1789 3085 Cor.
1818 3042 1882 3092 15,
1912 3041 2093 3084 12—18.

290 3122 309 3163 1
359 3122 698 3166 saluificatorem
748 3123 834 3167 Gez
936 3127 962 3168 2
1008 3127 1346 3182 transfigurabit
1390 3129 1531 3172 Pam.-
1574 3130 1914 3186 transfigurauit
1950 3129 2099 3172 PMF

229 3193 256 3235 3
295 3193 612 3238 conformatum
655 3195 740 3240 Gel
827 3201 853 3241 5
891 3199 1000 3242 haec
1037 3200 1152 3255 PM,
1189 3214 1270 3244 nec
1298 3200 1349 3243 F
1432 3202 1459 3246 8
1498 3203 1749 3259 placibilem
1779 3203 1921 3247 Pam:
1957 3202 2093 3259 placi-

227 3266 335 3309 bilia
349 3267 497 3310 PMF
581 3271 606 3313 9
624 3270 761 3326 ipsius
778 3272 933 3328 PMF,
948 3275 1061 3329 <ut>
1074 3274 1214 3331 ipsius
1230 3274 1315 3319 Gez
1390 3276 1444 3320 10
1461 3277 1682 3334 accipiant
1697 3276 1746 3320 F
1818 3277 1870 3320 12
1887 3277 1964 3320 sed
1980 3276 2090 3328 MF,

230 3339 346 3395 quod
377 3341 421 3382 P
521 3343 573 3386 17
604 3343 846 3387 hereditati
873 3346 988 3398 ΜΡ,
1027 3347 1274 3391 hereditate
1304 3348 1503 3405 Puu'zqo
1607 3350 1659 3392 21
1702 3350 1898 3393 disiectis
1936 3350 2094 3405 FRmy

229 3414 284 3457 22
302 3414 503 3470 expediet
518 3416 645 3472 Eny:
660 3422 867 3474 expetent
880 3420 936 3475 P,
954 3423 1188 3477 expectent
1202 3421 1308 3465 ΜΓ
1377 3423 1432 3466 23
1450 3426 1500 3465 ut
1523 3436 1605 3468 om.
1627 3422 1712 3466 Get
1777 3424 1831 3466 27
1849 3424 1914 3466 ita
1930 3424 1973 3466 P
1989 3425 2092 3478 (que

227 3500 261 3528 8.
272 3500 315 3529 u.
327 3487 430 3533 add.
441 3488 503 3543 R)
565 3491 620 3533 28
634 3489 832 3535 Christus
846 3506 927 3535 om.
938 3492 1037 3547 P(s.
1048 3508 1091 3537 u.
1104 3493 1209 3539 add.
1219 3492 1281 3548 R)
1354 3496 1801 3552 resurrexerstPMF,
1812 3497 2046 3540 resurrexit
2058 3496 2096 3539 C
