<?xml version="1.0" encoding="UTF-8"?>
<!DOCTYPE html PUBLIC "-//W3C//DTD XHTML 1.0 Transitional//EN"
    "http://www.w3.org/TR/xhtml1/DTD/xhtml1-transitional.dtd">
<html xmlns="http://www.w3.org/1999/xhtml" xml:lang="en" lang="en">
 <head>
  <title>
</title>
<meta http-equiv="Content-Type" content="text/html;charset=utf-8" />
  <meta name='ocr-system' content='tesseract 3.04.00' />
  <meta name='ocr-capabilities' content='ocr_page ocr_carea ocr_par ocr_line ocrx_word'/>
</head>
<body>
  <div class='ocr_page' id='page_1' title='image "./quintiseptimiflo47tertuoft_0080.png"; bbox 0 0 2248 3646; ppageno 0'>
   <div class='ocr_carea' id='block_1_1' title="bbox 195 197 1701 255">
    <p class='ocr_par' dir='ltr' id='par_1_1' title="bbox 195 197 1701 255">
     <span class='ocr_line' id='line_1_1' title="bbox 195 197 1701 255; baseline -0.001 -14"><span class='ocrx_word' id='word_1_1' title='bbox 195 205 263 255; x_wconf 78' lang='lat'>40</span> <span class='ocrx_word' id='word_1_2' title='bbox 569 199 759 251; x_wconf 79' lang='lat' dir='ltr'>Quinti</span> <span class='ocrx_word' id='word_1_3' title='bbox 793 198 1021 253; x_wconf 85' lang='lat' dir='ltr'>Septimi</span> <span class='ocrx_word' id='word_1_4' title='bbox 1054 197 1333 238; x_wconf 80' lang='lat' dir='ltr'>Florentis</span> <span class='ocrx_word' id='word_1_5' title='bbox 1368 197 1701 239; x_wconf 86' lang='lat' dir='ltr'>Tertulliani</span> 
     </span>
    </p>
   </div>
   <div class='ocr_carea' id='block_1_2' title="bbox 193 357 2150 2795">
    <p class='ocr_par' dir='ltr' id='par_1_2' title="bbox 193 357 2150 2795">
     <span class='ocr_line' id='line_1_2' title="bbox 198 357 2066 427; baseline -0.002 -15"><span class='ocrx_word' id='word_1_6' title='bbox 198 362 285 427; x_wconf 93' lang='lat' dir='ltr'>qui</span> <span class='ocrx_word' id='word_1_7' title='bbox 323 377 420 411; x_wconf 89' lang='lat' dir='ltr'>non</span> <span class='ocrx_word' id='word_1_8' title='bbox 462 360 560 410; x_wconf 88' lang='lat' dir='ltr'>alia</span> <span class='ocrx_word' id='word_1_9' title='bbox 600 360 714 425; x_wconf 80' lang='lat' dir='ltr'>lege</span> <span class='ocrx_word' id='word_1_10' title='bbox 750 358 1032 409; x_wconf 83' lang='lat' dir='ltr'>credendus</span> <span class='ocrx_word' id='word_1_11' title='bbox 1068 359 1161 419; x_wconf 84' lang='lat' dir='ltr'>est,</span> <span class='ocrx_word' id='word_1_12' title='bbox 1206 372 1357 422; x_wconf 86' lang='lat' dir='ltr'>quam</span> <span class='ocrx_word' id='word_1_13' title='bbox 1399 360 1457 408; x_wconf 91' lang='lat' dir='ltr'>ut</span> <span class='ocrx_word' id='word_1_14' title='bbox 1498 357 1666 408; x_wconf 88' lang='lat' dir='ltr'>omnia</span> <span class='ocrx_word' id='word_1_15' title='bbox 1703 373 1855 423; x_wconf 88' lang='lat' dir='ltr'>posse</span> <span class='ocrx_word' id='word_1_16' title='bbox 1897 358 2066 409; x_wconf 88' lang='lat' dir='ltr'>creda-</span> 
     </span>
     <span class='ocr_line' id='line_1_3' title="bbox 195 444 2067 513; baseline -0.002 -14"><span class='ocrx_word' id='word_1_17' title='bbox 195 456 294 510; x_wconf 83' lang='lat' dir='ltr'>tur,</span> <span class='ocrx_word' id='word_1_18' title='bbox 335 449 484 513; x_wconf 87' lang='lat' dir='ltr'>plane</span> <span class='ocrx_word' id='word_1_19' title='bbox 526 447 661 512; x_wconf 88' lang='lat' dir='ltr'>apud</span> <span class='ocrx_word' id='word_1_20' title='bbox 702 445 1038 511; x_wconf 90' lang='lat' dir='ltr'>philosophos</span> <span class='ocrx_word' id='word_1_21' title='bbox 1088 444 1263 504; x_wconf 61' lang='lat' dir='ltr'>habeS.</span> <span class='ocrx_word' id='word_1_22' title='bbox 1306 445 1393 509; x_wconf 91' lang='lat' dir='ltr'>qui</span> <span class='ocrx_word' id='word_1_23' title='bbox 1438 445 1689 495; x_wconf 89' lang='lat' dir='ltr'>mundum</span> <span class='ocrx_word' id='word_1_24' title='bbox 1737 446 1872 497; x_wconf 90' lang='lat' dir='ltr'>hunc</span> <span class='ocrx_word' id='word_1_25' title='bbox 1919 447 2067 512; x_wconf 85' lang='lat' dir='ltr'>&lt;non&gt;</span> 
     </span>
     <span class='ocr_line' id='line_1_4' title="bbox 193 532 2066 598; baseline -0.001 -12"><span class='ocrx_word' id='word_1_26' title='bbox 193 537 426 586; x_wconf 86' lang='lat' dir='ltr'>innatum</span> <span class='ocrx_word' id='word_1_27' title='bbox 458 534 812 598; x_wconf 84' lang='lat' dir='ltr'>infectumque</span> <span class='ocrx_word' id='word_1_28' title='bbox 846 532 1135 584; x_wconf 71' lang='lat' dir='ltr'><strong>defendant.</strong></span> <span class='ocrx_word' id='word_1_29' title='bbox 1171 532 1261 583; x_wconf 89' lang='lat' dir='ltr'>sed</span> <span class='ocrx_word' id='word_1_30' title='bbox 1293 533 1457 583; x_wconf 89' lang='lat' dir='ltr'>multo</span> <span class='ocrx_word' id='word_1_31' title='bbox 1482 533 1688 594; x_wconf 64' lang='lat' dir='ltr'>melum,</span> <span class='ocrx_word' id='word_1_32' title='bbox 1723 534 1860 598; x_wconf 88' lang='lat' dir='ltr'>quod</span> <span class='ocrx_word' id='word_1_33' title='bbox 1893 549 2066 584; x_wconf 90' lang='lat' dir='ltr'>omnes</span> 
     </span>
     <span class='ocr_line' id='line_1_5' title="bbox 195 619 2065 673; baseline -0.001 -1"><span class='ocrx_word' id='word_1_34' title='bbox 195 623 298 673; x_wconf 89' lang='lat' dir='ltr'>fere</span> <span class='ocrx_word' id='word_1_35' title='bbox 331 623 569 672; x_wconf 76' lang='lat' dir='ltr'>haereses</span> <span class='ocrx_word' id='word_1_36' title='bbox 603 625 780 671; x_wconf 87' lang='lat' dir='ltr'>natum</span> <span class='ocrx_word' id='word_1_37' title='bbox 816 623 866 670; x_wconf 93' lang='lat' dir='ltr'>et</span> <span class='ocrx_word' id='word_1_38' title='bbox 897 620 1088 670; x_wconf 89' lang='lat' dir='ltr'>factum</span> <span class='ocrx_word' id='word_1_39' title='bbox 1122 619 1373 670; x_wconf 88' lang='lat' dir='ltr'>mundum</span> <span class='ocrx_word' id='word_1_40' title='bbox 1407 621 1689 671; x_wconf 73' lang='lat' dir='ltr'>annuentes</span> <span class='ocrx_word' id='word_1_41' title='bbox 1723 621 2065 671; x_wconf 88' lang='lat' dir='ltr'>conditionem</span> 
     </span>
     <span class='ocr_line' id='line_1_6' title="bbox 199 707 2141 775; baseline -0.001 -14"><span class='ocrx_word' id='word_1_42' title='bbox 199 711 291 762; x_wconf 92' lang='lat' dir='ltr'>deo</span> <span class='ocrx_word' id='word_1_43' title='bbox 347 712 519 760; x_wconf 84' lang='lat' dir='ltr'>nostro</span> <span class='ocrx_word' id='word_1_44' title='bbox 578 708 896 761; x_wconf 86' lang='lat' dir='ltr'>adscribunt.</span> <span class='ocrx_word' id='word_1_45' title='bbox 956 707 1118 775; x_wconf 82' lang='lat' dir='ltr'>igitur</span> <span class='ocrx_word' id='word_1_46' title='bbox 1179 707 1373 759; x_wconf 87' lang='lat' dir='ltr'>confide</span> <span class='ocrx_word' id='word_1_47' title='bbox 1426 707 1576 757; x_wconf 88' lang='lat' dir='ltr'>illum</span> <span class='ocrx_word' id='word_1_48' title='bbox 1630 711 1797 758; x_wconf 82' lang='lat' dir='ltr'>totum</span> <span class='ocrx_word' id='word_1_49' title='bbox 1853 707 1949 759; x_wconf 90' lang='lat' dir='ltr'>hoc</span> <span class='ocrx_word' id='word_1_50' title='bbox 2013 724 2069 758; x_wconf 80' lang='lat' dir='ltr'>ex</span> <span class='ocrx_word' id='word_1_51' title='bbox 2121 728 2141 760; x_wconf 87' lang='lat'>5</span> 
     </span>
     <span class='ocr_line' id='line_1_7' title="bbox 198 789 2068 863; baseline -0.001 -16"><span class='ocrx_word' id='word_1_52' title='bbox 198 789 358 848; x_wconf 78' lang='lat' dir='ltr'>nihilo</span> <span class='ocrx_word' id='word_1_53' title='bbox 413 796 696 863; x_wconf 87' lang='lat' dir='ltr'>protulisse</span> <span class='ocrx_word' id='word_1_54' title='bbox 751 799 803 846; x_wconf 89' lang='lat' dir='ltr'>et</span> <span class='ocrx_word' id='word_1_55' title='bbox 850 796 1003 846; x_wconf 91' lang='lat' dir='ltr'>deum</span> <span class='ocrx_word' id='word_1_56' title='bbox 1050 795 1188 845; x_wconf 90' lang='lat' dir='ltr'>nosti</span> <span class='ocrx_word' id='word_1_57' title='bbox 1242 794 1461 856; x_wconf 76' lang='lat' dir='ltr'>fidend0‚</span> <span class='ocrx_word' id='word_1_58' title='bbox 1510 794 1647 859; x_wconf 88' lang='lat' dir='ltr'>quod</span> <span class='ocrx_word' id='word_1_59' title='bbox 1693 797 1898 845; x_wconf 87' lang='lat' dir='ltr'>tantum</span> <span class='ocrx_word' id='word_1_60' title='bbox 1944 795 2068 845; x_wconf 89' lang='lat' dir='ltr'>deus</span> 
     </span>
     <span class='ocr_line' id='line_1_8' title="bbox 197 881 2070 949; baseline -0.001 -14"><span class='ocrx_word' id='word_1_61' title='bbox 197 886 386 936; x_wconf 86' lang='lat' dir='ltr'>ualeat.</span> <span class='ocrx_word' id='word_1_62' title='bbox 442 900 560 935; x_wconf 82' lang='lat' dir='ltr'>narn</span> <span class='ocrx_word' id='word_1_63' title='bbox 618 886 668 935; x_wconf 91' lang='lat' dir='ltr'>et</span> <span class='ocrx_word' id='word_1_64' title='bbox 723 883 947 949; x_wconf 86' lang='lat' dir='ltr'>quidam,</span> <span class='ocrx_word' id='word_1_65' title='bbox 1000 882 1306 933; x_wconf 84' lang='lat' dir='ltr'>infirmiores</span> <span class='ocrx_word' id='word_1_66' title='bbox 1366 883 1464 933; x_wconf 90' lang='lat' dir='ltr'>hoc</span> <span class='ocrx_word' id='word_1_67' title='bbox 1524 881 1667 947; x_wconf 88' lang='lat' dir='ltr'>prius</span> <span class='ocrx_word' id='word_1_68' title='bbox 1731 882 1947 943; x_wconf 73' lang='lat' dir='ltr'>credere,</span> <span class='ocrx_word' id='word_1_69' title='bbox 2011 883 2070 933; x_wconf 92' lang='lat' dir='ltr'>de</span> 
     </span>
     <span class='ocr_line' id='line_1_9' title="bbox 197 970 2070 1039; baseline -0.002 -16"><span class='ocrx_word' id='word_1_70' title='bbox 197 973 413 1023; x_wconf 83' lang='lat' dir='ltr'>materia</span> <span class='ocrx_word' id='word_1_71' title='bbox 466 973 640 1039; x_wconf 89' lang='lat' dir='ltr'>potius</span> <span class='ocrx_word' id='word_1_72' title='bbox 693 971 980 1022; x_wconf 87' lang='lat' dir='ltr'>subiacenti</span> <span class='ocrx_word' id='word_1_73' title='bbox 1027 971 1211 1021; x_wconf 85' lang='lat' dir='ltr'>uolunt</span> <span class='ocrx_word' id='word_1_74' title='bbox 1258 970 1318 1021; x_wconf 87' lang='lat' dir='ltr'>ab</span> <span class='ocrx_word' id='word_1_75' title='bbox 1359 970 1449 1020; x_wconf 88' lang='lat' dir='ltr'>illo</span> <span class='ocrx_word' id='word_1_76' title='bbox 1498 970 1894 1021; x_wconf 86' lang='lat' dir='ltr'>uniuersitatem</span> <span class='ocrx_word' id='word_1_77' title='bbox 1936 970 2070 1021; x_wconf 89' lang='lat' dir='ltr'>dedi-</span> 
     </span>
     <span class='ocr_line' id='line_1_10' title="bbox 200 1056 2069 1125; baseline -0.002 -15"><span class='ocrx_word' id='word_1_78' title='bbox 200 1062 366 1111; x_wconf 87' lang='lat' dir='ltr'>catam</span> <span class='ocrx_word' id='word_1_79' title='bbox 408 1059 692 1111; x_wconf 89' lang='lat' dir='ltr'>secundum</span> <span class='ocrx_word' id='word_1_80' title='bbox 733 1058 1090 1125; x_wconf 72' lang='lat' dir='ltr'>philosophos</span> <span class='ocrx_word' id='word_1_81' title='bbox 1124 1072 1271 1123; x_wconf 88' lang='lat' dir='ltr'>porro</span> <span class='ocrx_word' id='word_1_82' title='bbox 1307 1058 1358 1107; x_wconf 88' lang='lat' dir='ltr'>et</span> <span class='ocrx_word' id='word_1_83' title='bbox 1392 1056 1435 1107; x_wconf 89' lang='lat' dir='ltr'>si</span> <span class='ocrx_word' id='word_1_84' title='bbox 1473 1056 1547 1106; x_wconf 88' lang='lat' dir='ltr'>ita</span> <span class='ocrx_word' id='word_1_85' title='bbox 1585 1057 1635 1106; x_wconf 93' lang='lat' dir='ltr'>in</span> <span class='ocrx_word' id='word_1_86' title='bbox 1677 1073 1800 1108; x_wconf 90' lang='lat' dir='ltr'>uero</span> <span class='ocrx_word' id='word_1_87' title='bbox 1842 1057 2069 1118; x_wconf 76' lang='lat' dir='ltr'>haberet,</span> 
     </span>
     <span class='ocr_line' id='line_1_11' title="bbox 199 1144 2146 1213; baseline 0.001 -15"><span class='ocrx_word' id='word_1_88' title='bbox 199 1163 314 1198; x_wconf 89' lang='lat' dir='ltr'>cum</span> <span class='ocrx_word' id='word_1_89' title='bbox 354 1151 526 1198; x_wconf 85' lang='lat' dir='ltr'>tamen</span> <span class='ocrx_word' id='word_1_90' title='bbox 573 1147 725 1213; x_wconf 78' lang='lat' dir='ltr'>longe</span> <span class='ocrx_word' id='word_1_91' title='bbox 769 1146 893 1197; x_wconf 84' lang='lat' dir='ltr'>alias</span> <span class='ocrx_word' id='word_1_92' title='bbox 944 1145 1260 1197; x_wconf 84' lang='lat' dir='ltr'>substantias</span> <span class='ocrx_word' id='word_1_93' title='bbox 1307 1145 1564 1212; x_wconf 75' lang='lat' dir='ltr'>longeque</span> <span class='ocrx_word' id='word_1_94' title='bbox 1612 1144 1738 1195; x_wconf 87' lang='lat' dir='ltr'>alias</span> <span class='ocrx_word' id='word_1_95' title='bbox 1780 1145 1975 1210; x_wconf 89' lang='lat' dir='ltr'>species</span> <span class='ocrx_word' id='word_1_96' title='bbox 2017 1161 2074 1196; x_wconf 82' lang='lat' dir='ltr'>ex</span> <span class='ocrx_word' id='word_1_97' title='bbox 2106 1167 2146 1199; x_wconf 87' lang='lat'>10</span> 
     </span>
     <span class='ocr_line' id='line_1_12' title="bbox 197 1233 2077 1299; baseline -0.002 -12"><span class='ocrx_word' id='word_1_98' title='bbox 197 1237 560 1288; x_wconf 66' lang='lat' dir='ltr'>reformatione</span> <span class='ocrx_word' id='word_1_99' title='bbox 608 1235 852 1286; x_wconf 85' lang='lat' dir='ltr'>materiae</span> <span class='ocrx_word' id='word_1_100' title='bbox 902 1234 1158 1284; x_wconf 76' lang='lat' dir='ltr'>diceretur</span> <span class='ocrx_word' id='word_1_101' title='bbox 1204 1233 1485 1299; x_wconf 89' lang='lat' dir='ltr'>protulisse</span> <span class='ocrx_word' id='word_1_102' title='bbox 1538 1248 1691 1298; x_wconf 88' lang='lat' dir='ltr'>quam</span> <span class='ocrx_word' id='word_1_103' title='bbox 1737 1233 1925 1284; x_wconf 83' lang='lat' dir='ltr'>fuisset</span> <span class='ocrx_word' id='word_1_104' title='bbox 1963 1234 2077 1298; x_wconf 87' lang='lat' dir='ltr'>ipsa</span> 
     </span>
     <span class='ocr_line' id='line_1_13' title="bbox 199 1321 2076 1388; baseline -0.002 -13"><span class='ocrx_word' id='word_1_105' title='bbox 199 1325 432 1385; x_wconf 69' lang='lat' dir='ltr'>materia,</span> <span class='ocrx_word' id='word_1_106' title='bbox 480 1341 577 1376; x_wconf 93' lang='lat' dir='ltr'>non</span> <span class='ocrx_word' id='word_1_107' title='bbox 625 1324 796 1374; x_wconf 89' lang='lat' dir='ltr'>minus</span> <span class='ocrx_word' id='word_1_108' title='bbox 847 1322 1168 1373; x_wconf 82' lang='lat' dir='ltr'>defenderem</span> <span class='ocrx_word' id='word_1_109' title='bbox 1226 1338 1282 1372; x_wconf 86' lang='lat' dir='ltr'>ex</span> <span class='ocrx_word' id='word_1_110' title='bbox 1328 1321 1487 1372; x_wconf 83' lang='lat' dir='ltr'>nihilo</span> <span class='ocrx_word' id='word_1_111' title='bbox 1529 1337 1646 1372; x_wconf 91' lang='lat' dir='ltr'>eum</span> <span class='ocrx_word' id='word_1_112' title='bbox 1686 1321 1981 1388; x_wconf 76' lang='lat' dir='ltr'>protulisse7</span> <span class='ocrx_word' id='word_1_113' title='bbox 2031 1321 2076 1372; x_wconf 88' lang='lat' dir='ltr'>si</span> 
     </span>
     <span class='ocr_line' id='line_1_14' title="bbox 199 1408 2076 1478; baseline -0.002 -15"><span class='ocrx_word' id='word_1_114' title='bbox 199 1428 258 1463; x_wconf 90' lang='lat' dir='ltr'>ea</span> <span class='ocrx_word' id='word_1_115' title='bbox 295 1413 595 1478; x_wconf 74' lang='lat' dir='ltr'>protulerat,</span> <span class='ocrx_word' id='word_1_116' title='bbox 641 1427 769 1477; x_wconf 87' lang='lat' dir='ltr'>quae</span> <span class='ocrx_word' id='word_1_117' title='bbox 811 1410 1012 1462; x_wconf 90' lang='lat' dir='ltr'>omnino</span> <span class='ocrx_word' id='word_1_118' title='bbox 1053 1425 1153 1460; x_wconf 92' lang='lat' dir='ltr'>non</span> <span class='ocrx_word' id='word_1_119' title='bbox 1192 1410 1410 1460; x_wconf 85' lang='lat' dir='ltr'>fuerant.</span> <span class='ocrx_word' id='word_1_120' title='bbox 1451 1424 1549 1474; x_wconf 90' lang='lat' dir='ltr'>quo</span> <span class='ocrx_word' id='word_1_121' title='bbox 1590 1408 1724 1459; x_wconf 89' lang='lat' dir='ltr'>enim</span> <span class='ocrx_word' id='word_1_122' title='bbox 1764 1409 1982 1460; x_wconf 87' lang='lat' dir='ltr'>interest</span> <span class='ocrx_word' id='word_1_123' title='bbox 2019 1425 2076 1460; x_wconf 85' lang='lat' dir='ltr'>ex</span> 
     </span>
     <span class='ocr_line' id='line_1_15' title="bbox 200 1496 2075 1566; baseline -0.001 -18"><span class='ocrx_word' id='word_1_124' title='bbox 200 1499 360 1550; x_wconf 87' lang='lat' dir='ltr'>nihilo</span> <span class='ocrx_word' id='word_1_125' title='bbox 412 1498 534 1565; x_wconf 89' lang='lat' dir='ltr'>quid</span> <span class='ocrx_word' id='word_1_126' title='bbox 581 1498 796 1566; x_wconf 83' lang='lat' dir='ltr'>proferri</span> <span class='ocrx_word' id='word_1_127' title='bbox 846 1514 905 1548; x_wconf 89' lang='lat' dir='ltr'>an</span> <span class='ocrx_word' id='word_1_128' title='bbox 954 1513 1011 1548; x_wconf 81' lang='lat' dir='ltr'>ex</span> <span class='ocrx_word' id='word_1_129' title='bbox 1059 1497 1248 1565; x_wconf 81' lang='lat' dir='ltr'>aliquo,</span> <span class='ocrx_word' id='word_1_130' title='bbox 1299 1496 1421 1547; x_wconf 87' lang='lat' dir='ltr'>dum</span> <span class='ocrx_word' id='word_1_131' title='bbox 1472 1497 1608 1562; x_wconf 90' lang='lat' dir='ltr'>quod</span> <span class='ocrx_word' id='word_1_132' title='bbox 1662 1512 1760 1546; x_wconf 92' lang='lat' dir='ltr'>non</span> <span class='ocrx_word' id='word_1_133' title='bbox 1815 1496 1916 1546; x_wconf 87' lang='lat' dir='ltr'>fuit</span> <span class='ocrx_word' id='word_1_134' title='bbox 1969 1497 2075 1558; x_wconf 75' lang='lat' dir='ltr'>fiat,</span> 
     </span>
     <span class='ocr_line' id='line_1_16' title="bbox 200 1584 2147 1652; baseline 0 -15"><span class='ocrx_word' id='word_1_135' title='bbox 200 1587 402 1652; x_wconf 90' lang='lat' dir='ltr'>quando</span> <span class='ocrx_word' id='word_1_136' title='bbox 445 1587 600 1638; x_wconf 89' lang='lat' dir='ltr'>etiam</span> <span class='ocrx_word' id='word_1_137' title='bbox 641 1602 739 1637; x_wconf 92' lang='lat' dir='ltr'>non</span> <span class='ocrx_word' id='word_1_138' title='bbox 782 1585 943 1637; x_wconf 86' lang='lat' dir='ltr'>fuisse</span> <span class='ocrx_word' id='word_1_139' title='bbox 987 1585 1113 1635; x_wconf 86' lang='lat' dir='ltr'>nihil</span> <span class='ocrx_word' id='word_1_140' title='bbox 1154 1585 1222 1636; x_wconf 91' lang='lat' dir='ltr'>sit</span> <span class='ocrx_word' id='word_1_141' title='bbox 1259 1585 1459 1636; x_wconf 76' lang='lat' dir='ltr'>fuisse?</span> <span class='ocrx_word' id='word_1_142' title='bbox 1501 1585 1575 1637; x_wconf 88' lang='lat' dir='ltr'>sic</span> <span class='ocrx_word' id='word_1_143' title='bbox 1616 1588 1667 1635; x_wconf 86' lang='lat' dir='ltr'>et</span> <span class='ocrx_word' id='word_1_144' title='bbox 1703 1584 1867 1636; x_wconf 90' lang='lat' dir='ltr'>fuisse</span> <span class='ocrx_word' id='word_1_145' title='bbox 1901 1601 1926 1635; x_wconf 92' lang='lat' dir='ltr'>e</span> <span class='ocrx_word' id='word_1_146' title='bbox 1961 1600 2076 1635; x_wconf 91' lang='lat' dir='ltr'>con-</span> <span class='ocrx_word' id='word_1_147' title='bbox 2108 1606 2147 1637; x_wconf 84' lang='lat'>15</span> 
     </span>
     <span class='ocr_line' id='line_1_17' title="bbox 201 1672 2076 1737; baseline -0.001 -13"><span class='ocrx_word' id='word_1_148' title='bbox 201 1676 354 1726; x_wconf 88' lang='lat' dir='ltr'>trario</span> <span class='ocrx_word' id='word_1_149' title='bbox 396 1691 493 1727; x_wconf 91' lang='lat' dir='ltr'>non</span> <span class='ocrx_word' id='word_1_150' title='bbox 527 1674 656 1725; x_wconf 87' lang='lat' dir='ltr'>nihil</span> <span class='ocrx_word' id='word_1_151' title='bbox 697 1676 776 1725; x_wconf 89' lang='lat' dir='ltr'>est</span> <span class='ocrx_word' id='word_1_152' title='bbox 815 1673 994 1724; x_wconf 87' lang='lat' dir='ltr'>fuisse.</span> <span class='ocrx_word' id='word_1_153' title='bbox 1034 1688 1167 1724; x_wconf 91' lang='lat' dir='ltr'>nunc</span> <span class='ocrx_word' id='word_1_154' title='bbox 1201 1672 1296 1723; x_wconf 89' lang='lat' dir='ltr'>etsi</span> <span class='ocrx_word' id='word_1_155' title='bbox 1330 1673 1562 1734; x_wconf 77' lang='lat' dir='ltr'>interest,</span> <span class='ocrx_word' id='word_1_156' title='bbox 1597 1674 1767 1723; x_wconf 89' lang='lat' dir='ltr'>tamen</span> <span class='ocrx_word' id='word_1_157' title='bbox 1798 1675 2076 1737; x_wconf 85' lang='lat' dir='ltr'>utrumque</span> 
     </span>
     <span class='ocr_line' id='line_1_18' title="bbox 199 1761 2075 1829; baseline -0.001 -16"><span class='ocrx_word' id='word_1_158' title='bbox 199 1763 327 1814; x_wconf 88' lang='lat' dir='ltr'>mihi</span> <span class='ocrx_word' id='word_1_159' title='bbox 368 1763 648 1829; x_wconf 83' lang='lat' dir='ltr'>adplaudit.</span> <span class='ocrx_word' id='word_1_160' title='bbox 699 1763 810 1812; x_wconf 90' lang='lat' dir='ltr'>siue</span> <span class='ocrx_word' id='word_1_161' title='bbox 852 1761 986 1812; x_wconf 88' lang='lat' dir='ltr'>enim</span> <span class='ocrx_word' id='word_1_162' title='bbox 1029 1776 1087 1811; x_wconf 80' lang='lat' dir='ltr'>ex</span> <span class='ocrx_word' id='word_1_163' title='bbox 1126 1761 1287 1812; x_wconf 91' lang='lat' dir='ltr'>nihilo</span> <span class='ocrx_word' id='word_1_164' title='bbox 1329 1761 1455 1811; x_wconf 87' lang='lat' dir='ltr'>deus</span> <span class='ocrx_word' id='word_1_165' title='bbox 1504 1761 1717 1812; x_wconf 90' lang='lat' dir='ltr'>molitus</span> <span class='ocrx_word' id='word_1_166' title='bbox 1758 1764 1838 1811; x_wconf 90' lang='lat' dir='ltr'>est</span> <span class='ocrx_word' id='word_1_167' title='bbox 1877 1763 2075 1824; x_wconf 86' lang='lat' dir='ltr'>cuncta,</span> 
     </span>
     <span class='ocr_line' id='line_1_19' title="bbox 199 1848 2074 1918; baseline -0.002 -16"><span class='ocrx_word' id='word_1_168' title='bbox 199 1852 391 1918; x_wconf 85' lang='lat' dir='ltr'>poterit</span> <span class='ocrx_word' id='word_1_169' title='bbox 431 1854 480 1901; x_wconf 90' lang='lat' dir='ltr'>et</span> <span class='ocrx_word' id='word_1_170' title='bbox 521 1866 722 1901; x_wconf 87' lang='lat' dir='ltr'>carnem</span> <span class='ocrx_word' id='word_1_171' title='bbox 763 1850 814 1899; x_wconf 91' lang='lat' dir='ltr'>in</span> <span class='ocrx_word' id='word_1_172' title='bbox 856 1849 1077 1900; x_wconf 91' lang='lat' dir='ltr'>nihilum</span> <span class='ocrx_word' id='word_1_173' title='bbox 1117 1848 1420 1914; x_wconf 80' lang='lat' dir='ltr'>perductam</span> <span class='ocrx_word' id='word_1_174' title='bbox 1462 1849 1740 1915; x_wconf 80' lang='lat' dir='ltr'>exprimere</span> <span class='ocrx_word' id='word_1_175' title='bbox 1790 1848 1849 1899; x_wconf 90' lang='lat' dir='ltr'>de</span> <span class='ocrx_word' id='word_1_176' title='bbox 1890 1849 2074 1900; x_wconf 88' lang='lat' dir='ltr'>nihilo:</span> 
     </span>
     <span class='ocr_line' id='line_1_20' title="bbox 201 1937 2076 2003; baseline -0.001 -13"><span class='ocrx_word' id='word_1_177' title='bbox 201 1941 312 1991; x_wconf 89' lang='lat' dir='ltr'>siue</span> <span class='ocrx_word' id='word_1_178' title='bbox 340 1939 399 1990; x_wconf 90' lang='lat' dir='ltr'>de</span> <span class='ocrx_word' id='word_1_179' title='bbox 425 1939 641 1989; x_wconf 89' lang='lat' dir='ltr'>materia</span> <span class='ocrx_word' id='word_1_180' title='bbox 664 1938 964 1989; x_wconf 86' lang='lat' dir='ltr'>modulatus</span> <span class='ocrx_word' id='word_1_181' title='bbox 992 1940 1071 1988; x_wconf 90' lang='lat' dir='ltr'>est</span> <span class='ocrx_word' id='word_1_182' title='bbox 1096 1937 1210 1998; x_wconf 74' lang='lat' dir='ltr'>alia,</span> <span class='ocrx_word' id='word_1_183' title='bbox 1236 1937 1428 2003; x_wconf 88' lang='lat' dir='ltr'>poterit</span> <span class='ocrx_word' id='word_1_184' title='bbox 1453 1940 1503 1987; x_wconf 87' lang='lat' dir='ltr'>et</span> <span class='ocrx_word' id='word_1_185' title='bbox 1528 1952 1728 1988; x_wconf 89' lang='lat' dir='ltr'>carnem</span> <span class='ocrx_word' id='word_1_186' title='bbox 1750 1951 2076 2003; x_wconf 87' lang='lat' dir='ltr'>quocumque</span> 
     </span>
     <span class='ocr_line' id='line_1_21' title="bbox 203 2024 2147 2090; baseline -0.001 -13"><span class='ocrx_word' id='word_1_187' title='bbox 203 2028 506 2078; x_wconf 84' lang='lat' dir='ltr'>dehaustam</span> <span class='ocrx_word' id='word_1_188' title='bbox 548 2042 762 2077; x_wconf 89' lang='lat' dir='ltr'>euocare</span> <span class='ocrx_word' id='word_1_189' title='bbox 806 2025 865 2076; x_wconf 90' lang='lat' dir='ltr'>de</span> <span class='ocrx_word' id='word_1_190' title='bbox 908 2025 1022 2077; x_wconf 82' lang='lat' dir='ltr'>alio,</span> <span class='ocrx_word' id='word_1_191' title='bbox 1065 2028 1116 2076; x_wconf 87' lang='lat' dir='ltr'>et</span> <span class='ocrx_word' id='word_1_192' title='bbox 1153 2025 1334 2090; x_wconf 90' lang='lat' dir='ltr'>utique</span> <span class='ocrx_word' id='word_1_193' title='bbox 1374 2025 1589 2076; x_wconf 87' lang='lat' dir='ltr'>idoneus</span> <span class='ocrx_word' id='word_1_194' title='bbox 1633 2027 1713 2076; x_wconf 90' lang='lat' dir='ltr'>est</span> <span class='ocrx_word' id='word_1_195' title='bbox 1751 2024 1953 2075; x_wconf 89' lang='lat' dir='ltr'>reficere</span> <span class='ocrx_word' id='word_1_196' title='bbox 1989 2025 2077 2090; x_wconf 87' lang='lat' dir='ltr'>qui</span> <span class='ocrx_word' id='word_1_197' title='bbox 2105 2044 2147 2076; x_wconf 81' lang='lat'>20</span> 
     </span>
     <span class='ocr_line' id='line_1_22' title="bbox 200 2113 2072 2180; baseline -0.002 -14"><span class='ocrx_word' id='word_1_198' title='bbox 200 2116 344 2166; x_wconf 87' lang='lat' dir='ltr'>fecit:</span> <span class='ocrx_word' id='word_1_199' title='bbox 367 2117 556 2180; x_wconf 91' lang='lat' dir='ltr'>quanto</span> <span class='ocrx_word' id='word_1_200' title='bbox 577 2116 695 2180; x_wconf 91' lang='lat' dir='ltr'>plus</span> <span class='ocrx_word' id='word_1_201' title='bbox 718 2116 797 2165; x_wconf 89' lang='lat' dir='ltr'>est</span> <span class='ocrx_word' id='word_1_202' title='bbox 815 2113 1001 2165; x_wconf 90' lang='lat' dir='ltr'>fecisse</span> <span class='ocrx_word' id='word_1_203' title='bbox 1022 2130 1174 2179; x_wconf 87' lang='lat' dir='ltr'>quam</span> <span class='ocrx_word' id='word_1_204' title='bbox 1193 2114 1453 2175; x_wconf 75' lang='lat' dir='ltr'>refecisse,</span> <span class='ocrx_word' id='word_1_205' title='bbox 1472 2113 1679 2165; x_wconf 87' lang='lat' dir='ltr'>initium</span> <span class='ocrx_word' id='word_1_206' title='bbox 1699 2113 1902 2164; x_wconf 85' lang='lat' dir='ltr'>dedisse</span> <span class='ocrx_word' id='word_1_207' title='bbox 1921 2129 2072 2178; x_wconf 90' lang='lat' dir='ltr'>quam</span> 
     </span>
     <span class='ocr_line' id='line_1_23' title="bbox 200 2200 2074 2265; baseline -0.001 -12"><span class='ocrx_word' id='word_1_208' title='bbox 200 2203 502 2265; x_wconf 85' lang='lat' dir='ltr'>reddidisse,</span> <span class='ocrx_word' id='word_1_209' title='bbox 522 2203 595 2253; x_wconf 86' lang='lat' dir='ltr'>ita</span> <span class='ocrx_word' id='word_1_210' title='bbox 619 2202 1004 2253; x_wconf 87' lang='lat' dir='ltr'>restitutionem</span> <span class='ocrx_word' id='word_1_211' title='bbox 1031 2202 1196 2252; x_wconf 86' lang='lat' dir='ltr'>carnis</span> <span class='ocrx_word' id='word_1_212' title='bbox 1214 2201 1497 2252; x_wconf 82' lang='lat' dir='ltr'>faciliorem</span> <span class='ocrx_word' id='word_1_213' title='bbox 1527 2200 1703 2252; x_wconf 90' lang='lat' dir='ltr'>credas</span> <span class='ocrx_word' id='word_1_214' title='bbox 1729 2201 2074 2252; x_wconf 87' lang='lat' dir='ltr'>institutione.</span> 
     </span>
     <span class='ocr_line' id='line_1_24' title="bbox 278 2289 2076 2356; baseline -0.001 -16"><span class='ocrx_word' id='word_1_215' title='bbox 278 2292 357 2340; x_wconf 82' lang='grc'>12.</span> <span class='ocrx_word' id='word_1_216' title='bbox 391 2290 578 2356; x_wconf 90' lang='lat' dir='ltr'>Aspice</span> <span class='ocrx_word' id='word_1_217' title='bbox 618 2305 753 2340; x_wconf 92' lang='lat' dir='ltr'>nunc</span> <span class='ocrx_word' id='word_1_218' title='bbox 786 2290 849 2340; x_wconf 89' lang='lat' dir='ltr'>ad</span> <span class='ocrx_word' id='word_1_219' title='bbox 886 2290 1001 2355; x_wconf 89' lang='lat' dir='ltr'>ipsa</span> <span class='ocrx_word' id='word_1_220' title='bbox 1040 2303 1246 2355; x_wconf 89' lang='lat' dir='ltr'>quoque</span> <span class='ocrx_word' id='word_1_221' title='bbox 1280 2290 1510 2355; x_wconf 78' lang='lat' dir='ltr'>exempla</span> <span class='ocrx_word' id='word_1_222' title='bbox 1541 2289 1746 2339; x_wconf 86' lang='lat' dir='ltr'>diuinae</span> <span class='ocrx_word' id='word_1_223' title='bbox 1787 2289 2076 2354; x_wconf 82' lang='lat' dir='ltr'>potestatis,</span> 
     </span>
     <span class='ocr_line' id='line_1_25' title="bbox 203 2377 2073 2444; baseline -0.001 -15"><span class='ocrx_word' id='word_1_224' title='bbox 203 2378 311 2430; x_wconf 91' lang='lat' dir='ltr'>dies</span> <span class='ocrx_word' id='word_1_225' title='bbox 365 2379 585 2429; x_wconf 91' lang='lat' dir='ltr'>moritur</span> <span class='ocrx_word' id='word_1_226' title='bbox 637 2378 687 2428; x_wconf 90' lang='lat' dir='ltr'>in</span> <span class='ocrx_word' id='word_1_227' title='bbox 742 2381 946 2429; x_wconf 90' lang='lat' dir='ltr'>noctem</span> <span class='ocrx_word' id='word_1_228' title='bbox 1004 2381 1054 2428; x_wconf 90' lang='lat' dir='ltr'>et</span> <span class='ocrx_word' id='word_1_229' title='bbox 1107 2378 1330 2428; x_wconf 89' lang='lat' dir='ltr'>tenebris</span> <span class='ocrx_word' id='word_1_230' title='bbox 1385 2393 1754 2444; x_wconf 85' lang='lat' dir='ltr'>usquequaque</span> <span class='ocrx_word' id='word_1_231' title='bbox 1809 2377 2073 2442; x_wconf 86' lang='lat' dir='ltr'>sepelitur.</span> 
     </span>
     <span class='ocr_line' id='line_1_26' title="bbox 202 2465 2150 2531; baseline 0 -13"><span class='ocrx_word' id='word_1_232' title='bbox 202 2467 497 2519; x_wconf 80' lang='lat' dir='ltr'>funestatur</span> <span class='ocrx_word' id='word_1_233' title='bbox 535 2465 714 2516; x_wconf 90' lang='lat' dir='ltr'>mundi</span> <span class='ocrx_word' id='word_1_234' title='bbox 762 2466 937 2526; x_wconf 79' lang='lat' dir='ltr'>honor,</span> <span class='ocrx_word' id='word_1_235' title='bbox 981 2465 1146 2516; x_wconf 90' lang='lat' dir='ltr'>omnis</span> <span class='ocrx_word' id='word_1_236' title='bbox 1189 2465 1482 2516; x_wconf 88' lang='lat' dir='ltr'>substantia</span> <span class='ocrx_word' id='word_1_237' title='bbox 1514 2465 1827 2531; x_wconf 82' lang='lat' dir='ltr'>denigratur.</span> <span class='ocrx_word' id='word_1_238' title='bbox 1870 2465 2076 2516; x_wconf 82' lang='lat' dir='ltr'>sordent</span> <span class='ocrx_word' id='word_1_239' title='bbox 2107 2485 2150 2518; x_wconf 84' lang='lat'>25</span> 
     </span>
     <span class='ocr_line' id='line_1_27' title="bbox 202 2548 2071 2620; baseline -0.002 -16"><span class='ocrx_word' id='word_1_240' title='bbox 202 2554 358 2604; x_wconf 82' lang='lat' dir='ltr'>silent</span> <span class='ocrx_word' id='word_1_241' title='bbox 419 2558 630 2619; x_wconf 87' lang='lat' dir='ltr'>stupent</span> <span class='ocrx_word' id='word_1_242' title='bbox 684 2556 884 2618; x_wconf 81' lang='lat' dir='ltr'>cuncta,</span> <span class='ocrx_word' id='word_1_243' title='bbox 943 2551 1134 2617; x_wconf 85' lang='lat' dir='ltr'>ubique</span> <span class='ocrx_word' id='word_1_244' title='bbox 1197 2553 1461 2602; x_wconf 85' lang='lat' dir='ltr'>iustitium</span> <span class='ocrx_word' id='word_1_245' title='bbox 1513 2554 1607 2601; x_wconf 89' lang='lat' dir='ltr'>est.</span> <span class='ocrx_word' id='word_1_246' title='bbox 1671 2548 1836 2619; x_wconf 87' lang='lat' dir='ltr'>[quies</span> <span class='ocrx_word' id='word_1_247' title='bbox 1882 2549 2071 2620; x_wconf 86' lang='lat' dir='ltr'>rerum]</span> 
     </span>
     <span class='ocr_line' id='line_1_28' title="bbox 202 2640 2074 2708; baseline -0.002 -17"><span class='ocrx_word' id='word_1_248' title='bbox 202 2641 275 2691; x_wconf 89' lang='lat' dir='ltr'>ita</span> <span class='ocrx_word' id='word_1_249' title='bbox 314 2642 401 2691; x_wconf 80' lang='lat' dir='ltr'>lux</span> <span class='ocrx_word' id='word_1_250' title='bbox 443 2641 633 2692; x_wconf 86' lang='lat' dir='ltr'>amissa</span> <span class='ocrx_word' id='word_1_251' title='bbox 679 2640 904 2708; x_wconf 84' lang='lat' dir='ltr'>lugetur.</span> <span class='ocrx_word' id='word_1_252' title='bbox 954 2642 1006 2690; x_wconf 91' lang='lat' dir='ltr'>et</span> <span class='ocrx_word' id='word_1_253' title='bbox 1043 2642 1212 2690; x_wconf 88' lang='lat' dir='ltr'>tamen</span> <span class='ocrx_word' id='word_1_254' title='bbox 1253 2656 1431 2690; x_wconf 87' lang='lat' dir='ltr'>rursus</span> <span class='ocrx_word' id='word_1_255' title='bbox 1473 2655 1589 2690; x_wconf 88' lang='lat' dir='ltr'>cum</span> <span class='ocrx_word' id='word_1_256' title='bbox 1639 2655 1732 2690; x_wconf 91' lang='lat' dir='ltr'>suo</span> <span class='ocrx_word' id='word_1_257' title='bbox 1774 2640 1919 2690; x_wconf 89' lang='lat' dir='ltr'>cultu</span> <span class='ocrx_word' id='word_1_258' title='bbox 1960 2654 2074 2689; x_wconf 92' lang='lat' dir='ltr'>cum</span> 
     </span>
     <span class='ocr_line' id='line_1_29' title="bbox 201 2726 2076 2795; baseline -0.002 -16"><span class='ocrx_word' id='word_1_259' title='bbox 201 2730 238 2795; x_wconf 85' lang='lat'>†</span> <span class='ocrx_word' id='word_1_260' title='bbox 284 2729 402 2780; x_wconf 89' lang='lat' dir='ltr'>dote</span> <span class='ocrx_word' id='word_1_261' title='bbox 458 2744 574 2779; x_wconf 89' lang='lat' dir='ltr'>cum</span> <span class='ocrx_word' id='word_1_262' title='bbox 631 2729 738 2779; x_wconf 91' lang='lat' dir='ltr'>sole</span> <span class='ocrx_word' id='word_1_263' title='bbox 805 2727 981 2778; x_wconf 88' lang='lat' dir='ltr'>eadem</span> <span class='ocrx_word' id='word_1_264' title='bbox 1046 2730 1097 2778; x_wconf 90' lang='lat' dir='ltr'>et</span> <span class='ocrx_word' id='word_1_265' title='bbox 1149 2727 1349 2794; x_wconf 82' lang='lat' dir='ltr'>integra</span> <span class='ocrx_word' id='word_1_266' title='bbox 1404 2730 1455 2778; x_wconf 90' lang='lat' dir='ltr'>et</span> <span class='ocrx_word' id='word_1_267' title='bbox 1507 2730 1617 2778; x_wconf 90' lang='lat' dir='ltr'>tota</span> <span class='ocrx_word' id='word_1_268' title='bbox 1670 2727 1911 2782; x_wconf 87' lang='lat' dir='ltr'>uniuerso</span> <span class='ocrx_word' id='word_1_269' title='bbox 1969 2726 2076 2777; x_wconf 87' lang='lat' dir='ltr'>orbi</span> 
     </span>
    </p>
   </div>
   <div class='ocr_carea' id='block_1_3' title="bbox 203 2897 2082 3466">
    <p class='ocr_par' dir='ltr' id='par_1_3' title="bbox 203 2897 2082 3466">
     <span class='ocr_line' id='line_1_30' title="bbox 264 2897 2073 2954; baseline -0.001 -13"><span class='ocrx_word' id='word_1_270' title='bbox 264 2900 283 2941; x_wconf 94' lang='lat'>1</span> <span class='ocrx_word' id='word_1_271' title='bbox 321 2898 555 2941; x_wconf 81' lang='lat' dir='ltr'>credatur?</span> <span class='ocrx_word' id='word_1_272' title='bbox 586 2899 715 2954; x_wconf 89' lang='lat' dir='ltr'>plane</span> <span class='ocrx_word' id='word_1_273' title='bbox 747 2898 882 2954; x_wconf 64' lang='lat' dir='ltr'>uulgo</span> <span class='ocrx_word' id='word_1_274' title='bbox 965 2899 990 2940; x_wconf 81' lang='lat'>2</span> <span class='ocrx_word' id='word_1_275' title='bbox 1016 2912 1104 2940; x_wconf 89' lang='lat' dir='ltr'>non</span> <span class='ocrx_word' id='word_1_276' title='bbox 1138 2898 1299 2940; x_wconf 68' lang='lat' dir='ltr'>addidi</span> <span class='ocrx_word' id='word_1_277' title='bbox 1382 2899 1405 2940; x_wconf 82' lang='lat'><strong>7</strong></span> <span class='ocrx_word' id='word_1_278' title='bbox 1440 2898 1613 2940; x_wconf 86' lang='lat' dir='ltr'>credere</span> <span class='ocrx_word' id='word_1_279' title='bbox 1638 2912 1720 2941; x_wconf 84' lang='lat' dir='ltr'>om.</span> <span class='ocrx_word' id='word_1_280' title='bbox 1744 2898 1793 2940; x_wconf 82' lang='lat' dir='ltr'><em>F</em></span> <span class='ocrx_word' id='word_1_281' title='bbox 1908 2897 1959 2940; x_wconf 88' lang='lat' dir='ltr'>de</span> <span class='ocrx_word' id='word_1_282' title='bbox 1984 2912 2073 2940; x_wconf 86' lang='lat' dir='ltr'>ma-</span> 
     </span>
     <span class='ocr_line' id='line_1_31' title="bbox 203 2970 2082 3027; baseline -0.001 -13"><span class='ocrx_word' id='word_1_283' title='bbox 203 2972 317 3014; x_wconf 85' lang='lat' dir='ltr'>teria</span> <span class='ocrx_word' id='word_1_284' title='bbox 345 2971 432 3026; x_wconf 84' lang='lat' dir='ltr'>&lt;de</span> <span class='ocrx_word' id='word_1_285' title='bbox 464 2971 679 3026; x_wconf 86' lang='lat' dir='ltr'>materia&gt;</span> <span class='ocrx_word' id='word_1_286' title='bbox 708 2972 856 3027; x_wconf 88' lang='lat' dir='ltr'>potius</span> <span class='ocrx_word' id='word_1_287' title='bbox 896 2971 1103 3014; x_wconf 81' lang='lat' dir='ltr'>Oehlerus</span> <span class='ocrx_word' id='word_1_288' title='bbox 1185 2973 1209 3013; x_wconf 82' lang='lat'>9</span> <span class='ocrx_word' id='word_1_289' title='bbox 1242 2971 1427 3013; x_wconf 88' lang='lat' dir='ltr'>haberet</span> <span class='ocrx_word' id='word_1_290' title='bbox 1457 2972 1637 3026; x_wconf 77' lang='lat' dir='ltr'>scripsi:</span> <span class='ocrx_word' id='word_1_291' title='bbox 1669 2970 1905 3014; x_wconf 90' lang='lat' dir='ltr'>haberetur</span> <span class='ocrx_word' id='word_1_292' title='bbox 1936 2970 2082 3013; x_wconf 79' lang='lat' dir='ltr'>PMF</span> 
     </span>
     <span class='ocr_line' id='line_1_32' title="bbox 208 3044 2073 3099; baseline 0 -13"><span class='ocrx_word' id='word_1_293' title='bbox 208 3045 260 3087; x_wconf 88' lang='lat'>10</span> <span class='ocrx_word' id='word_1_294' title='bbox 292 3047 439 3087; x_wconf 83' lang='lat' dir='ltr'>tamen</span> <span class='ocrx_word' id='word_1_295' title='bbox 472 3045 627 3099; x_wconf 83' lang='lat' dir='ltr'>PMF,</span> <span class='ocrx_word' id='word_1_296' title='bbox 662 3047 752 3087; x_wconf 86' lang='lat' dir='ltr'>tarn</span> <span class='ocrx_word' id='word_1_297' title='bbox 785 3045 829 3088; x_wconf 81' lang='lat' dir='ltr'><em>R</em></span> <span class='ocrx_word' id='word_1_298' title='bbox 925 3045 976 3087; x_wconf 84' lang='lat'>13</span> <span class='ocrx_word' id='word_1_299' title='bbox 1009 3044 1154 3087; x_wconf 85' lang='lat' dir='ltr'>fuerat</span> <span class='ocrx_word' id='word_1_300' title='bbox 1183 3044 1241 3086; x_wconf 90' lang='lat' dir='ltr'><em>M</em></span> <span class='ocrx_word' id='word_1_301' title='bbox 1272 3044 1314 3099; x_wconf 89' lang='lat' dir='ltr'>(n</span> <span class='ocrx_word' id='word_1_302' title='bbox 1346 3059 1380 3087; x_wconf 80' lang='lat' dir='ltr'>s.</span> <span class='ocrx_word' id='word_1_303' title='bbox 1413 3046 1475 3098; x_wconf 79' lang='lat' dir='ltr'>u.)</span> <span class='ocrx_word' id='word_1_304' title='bbox 1576 3046 1628 3086; x_wconf 84' lang='lat'>15</span> <span class='ocrx_word' id='word_1_305' title='bbox 1662 3059 1683 3088; x_wconf 88' lang='lat' dir='ltr'>e</span> <span class='ocrx_word' id='word_1_306' title='bbox 1717 3045 1933 3087; x_wconf 87' lang='lat' dir='ltr'>contrario</span> <span class='ocrx_word' id='word_1_307' title='bbox 1970 3047 2011 3096; x_wconf 85' lang='lat' dir='ltr'>(e</span> <span class='ocrx_word' id='word_1_308' title='bbox 2039 3059 2073 3087; x_wconf 80' lang='lat' dir='ltr'>s.</span> 
     </span>
     <span class='ocr_line' id='line_1_33' title="bbox 203 3117 2074 3174; baseline -0.001 -14"><span class='ocrx_word' id='word_1_309' title='bbox 203 3118 267 3174; x_wconf 77' lang='lat' dir='ltr'>u.)</span> <span class='ocrx_word' id='word_1_310' title='bbox 306 3118 367 3159; x_wconf 91' lang='lat' dir='ltr'><em>M</em></span> <span class='ocrx_word' id='word_1_311' title='bbox 453 3119 504 3160; x_wconf 83' lang='lat'>17</span> <span class='ocrx_word' id='word_1_312' title='bbox 539 3118 651 3160; x_wconf 78' lang='lat' dir='ltr'>nihil</span> <span class='ocrx_word' id='word_1_313' title='bbox 685 3118 917 3173; x_wconf 86' lang='lat' dir='ltr'>adplaudit</span> <span class='ocrx_word' id='word_1_314' title='bbox 947 3117 994 3159; x_wconf 90' lang='lat' dir='ltr'><em>F</em></span> <span class='ocrx_word' id='word_1_315' title='bbox 1100 3119 1151 3160; x_wconf 80' lang='lat'>18</span> <span class='ocrx_word' id='word_1_316' title='bbox 1184 3117 1439 3172; x_wconf 87' lang='lat' dir='ltr'>perductam</span> <span class='ocrx_word' id='word_1_317' title='bbox 1471 3117 1581 3160; x_wconf 79' lang='lat' dir='ltr'>Urs:</span> <span class='ocrx_word' id='word_1_318' title='bbox 1619 3118 1878 3174; x_wconf 86' lang='lat' dir='ltr'>productam</span> <span class='ocrx_word' id='word_1_319' title='bbox 1919 3118 2074 3171; x_wconf 85' lang='lat' dir='ltr'>PMF,</span> 
     </span>
     <span class='ocr_line' id='line_1_34' title="bbox 203 3189 2075 3246; baseline 0.001 -14"><span class='ocrx_word' id='word_1_320' title='bbox 203 3191 457 3246; x_wconf 87' lang='lat' dir='ltr'>prodactam</span> <span class='ocrx_word' id='word_1_321' title='bbox 499 3190 709 3233; x_wconf 79' lang='lat' dir='ltr'>Oehlerus</span> <span class='ocrx_word' id='word_1_322' title='bbox 803 3192 853 3233; x_wconf 85' lang='lat'>19</span> <span class='ocrx_word' id='word_1_323' title='bbox 886 3190 1140 3232; x_wconf 87' lang='lat' dir='ltr'>modulatus</span> <span class='ocrx_word' id='word_1_324' title='bbox 1172 3189 1352 3245; x_wconf 77' lang='lat' dir='ltr'><em>FR¹m9</em></span> <span class='ocrx_word' id='word_1_325' title='bbox 1375 3192 1444 3244; x_wconf 74' lang='lat' dir='ltr'>(6oe</span> <span class='ocrx_word' id='word_1_326' title='bbox 1471 3190 1810 3246; x_wconf 71' lang='lat' dir='ltr'>Hirsauyiensi)</span> <span class='ocrx_word' id='word_1_327' title='bbox 1836 3192 1951 3246; x_wconf 76' lang='lat' dir='ltr'>Bmy</span> <span class='ocrx_word' id='word_1_328' title='bbox 1971 3190 2075 3234; x_wconf 71' lang='lat' dir='ltr'>Get:</span> 
     </span>
     <span class='ocr_line' id='line_1_35' title="bbox 205 3262 2074 3319; baseline 0.001 -14"><span class='ocrx_word' id='word_1_329' title='bbox 205 3263 456 3305; x_wconf 87' lang='lat' dir='ltr'>moderatus</span> <span class='ocrx_word' id='word_1_330' title='bbox 482 3263 583 3305; x_wconf 89' lang='lat' dir='ltr'>PM</span> <span class='ocrx_word' id='word_1_331' title='bbox 670 3263 799 3306; x_wconf 84' lang='lat' dir='ltr'>aliam</span> <span class='ocrx_word' id='word_1_332' title='bbox 826 3263 941 3318; x_wconf 66' lang='lat' dir='ltr'>Bmy</span> <span class='ocrx_word' id='word_1_333' title='bbox 1030 3264 1081 3304; x_wconf 81' lang='lat'>21</span> <span class='ocrx_word' id='word_1_334' title='bbox 1110 3263 1238 3305; x_wconf 84' lang='lat' dir='ltr'>fecit:</span> <span class='ocrx_word' id='word_1_335' title='bbox 1266 3265 1431 3318; x_wconf 84' lang='lat' dir='ltr'>quanto</span> <span class='ocrx_word' id='word_1_336' title='bbox 1457 3264 1582 3319; x_wconf 70' lang='lat' dir='ltr'>Enq:</span> <span class='ocrx_word' id='word_1_337' title='bbox 1606 3262 1725 3318; x_wconf 84' lang='lat' dir='ltr'>fecit,</span> <span class='ocrx_word' id='word_1_338' title='bbox 1752 3266 1915 3318; x_wconf 89' lang='lat' dir='ltr'>quanto</span> <span class='ocrx_word' id='word_1_339' title='bbox 1941 3264 2074 3318; x_wconf 76' lang='lat' dir='ltr'>uulyo</span> 
     </span>
     <span class='ocr_line' id='line_1_36' title="bbox 203 3327 2076 3391; baseline 0 -14"><span class='ocrx_word' id='word_1_340' title='bbox 203 3337 258 3377; x_wconf 79' lang='lat'>22</span> <span class='ocrx_word' id='word_1_341' title='bbox 299 3335 558 3391; x_wconf 87' lang='lat' dir='ltr'>reddidisse,</span> <span class='ocrx_word' id='word_1_342' title='bbox 591 3337 657 3378; x_wconf 86' lang='lat' dir='ltr'>ita</span> <span class='ocrx_word' id='word_1_343' title='bbox 687 3336 812 3391; x_wconf 70' lang='lat' dir='ltr'>Eny:</span> <span class='ocrx_word' id='word_1_344' title='bbox 852 3334 1110 3378; x_wconf 85' lang='lat' dir='ltr'>reddidisse.</span> <span class='ocrx_word' id='word_1_345' title='bbox 1143 3337 1208 3377; x_wconf 88' lang='lat' dir='ltr'>ita</span> <span class='ocrx_word' id='word_1_346' title='bbox 1237 3337 1375 3391; x_wconf 62' lang='lat' dir='ltr'>uulgo</span> <span class='ocrx_word' id='word_1_347' title='bbox 1465 3337 1520 3378; x_wconf 79' lang='lat'>24</span> <span class='ocrx_word' id='word_1_348' title='bbox 1552 3349 1690 3391; x_wconf 90' lang='lat' dir='ltr'>usque</span> <span class='ocrx_word' id='word_1_349' title='bbox 1724 3348 1894 3391; x_wconf 82' lang='lat' dir='ltr'>quaque</span> <span class='ocrx_word' id='word_1_350' title='bbox 1925 3327 2076 3390; x_wconf 75' lang='lat' dir='ltr'>(prius</span> 
     </span>
     <span class='ocr_line' id='line_1_37' title="bbox 205 3408 2076 3466; baseline -0.001 -15"><span class='ocrx_word' id='word_1_351' title='bbox 205 3424 289 3465; x_wconf 88' lang='lat' dir='ltr'>que</span> <span class='ocrx_word' id='word_1_352' title='bbox 314 3423 348 3451; x_wconf 80' lang='lat' dir='ltr'>s.</span> <span class='ocrx_word' id='word_1_353' title='bbox 374 3423 418 3451; x_wconf 78' lang='lat' dir='ltr'>u.</span> <span class='ocrx_word' id='word_1_354' title='bbox 445 3424 474 3451; x_wconf 86' lang='lat' dir='ltr'>a</span> <span class='ocrx_word' id='word_1_355' title='bbox 498 3424 551 3453; x_wconf 83' lang='lat' dir='ltr'>m.</span> <span class='ocrx_word' id='word_1_356' title='bbox 580 3410 626 3466; x_wconf 76' lang='lat'>2)</span> <span class='ocrx_word' id='word_1_357' title='bbox 652 3410 712 3451; x_wconf 89' lang='lat' dir='ltr'><em>M</em></span> <span class='ocrx_word' id='word_1_358' title='bbox 797 3411 850 3451; x_wconf 81' lang='lat'>25</span> <span class='ocrx_word' id='word_1_359' title='bbox 878 3410 995 3451; x_wconf 88' lang='lat' dir='ltr'>omni</span> <span class='ocrx_word' id='word_1_360' title='bbox 1019 3410 1062 3451; x_wconf 88' lang='lat' dir='ltr'><em>P</em></span> <span class='ocrx_word' id='word_1_361' title='bbox 1087 3408 1214 3465; x_wconf 73' lang='lat' dir='ltr'>(corr.</span> <span class='ocrx_word' id='word_1_362' title='bbox 1240 3410 1300 3463; x_wconf 79' lang='lat' dir='ltr'>R)</span> <span class='ocrx_word' id='word_1_363' title='bbox 1390 3410 1444 3453; x_wconf 82' lang='lat'>26</span> <span class='ocrx_word' id='word_1_364' title='bbox 1466 3410 1595 3464; x_wconf 86' lang='lat' dir='ltr'>quies</span> <span class='ocrx_word' id='word_1_365' title='bbox 1621 3422 1762 3451; x_wconf 85' lang='lat' dir='ltr'>rerum</span> <span class='ocrx_word' id='word_1_366' title='bbox 1785 3409 1966 3452; x_wconf 74' lang='lat' dir='ltr'>seclusit</span> <span class='ocrx_word' id='word_1_367' title='bbox 1988 3409 2076 3465; x_wconf 62' lang='grc' dir='ltr'>Εἰς]</span> 
     </span>
    </p>
   </div>
  </div>
 </body>
</html>
