2340 3658
573 213 667 254 VII.
696 213 961 254 Aduersus
993 213 1301 255 Marcionem
1332 215 1405 255 lib.
1438 215 1472 255 V
1507 215 1568 258 14.
1875 220 1976 268 625

175 369 333 419 rantia
370 367 695 432 suggillasset
732 382 847 431 erga
886 367 1032 416 deum
1064 367 1305 431 ignotum.
1340 367 1457 430 quid
1489 368 1616 417 enim
1649 369 1973 433 deliquerant,

178 455 219 504 si
256 452 502 502 iustitiam
535 451 614 501 dei
644 452 721 501 sui
753 452 994 502 aduersus
1027 468 1137 501 eum
1171 453 1429 511 sistebant,
1471 468 1617 516 quem
1648 455 1976 519 ignorabant?

178 538 348 602 atquin
382 538 642 586 exclamat:
684 539 726 585 ‘0
766 536 1068 600 profundum
1107 537 1393 586 diuitiarum
1433 540 1482 586 et
1513 539 1782 602 sapientiae
1815 539 1892 588 dei
1925 541 1975 587 et

176 621 550 687 inuestigabiles
600 622 706 670 uiae
753 621 899 670 eius'!
953 620 1083 670 unde
1127 622 1226 671 ista
1272 622 1497 685 eruptio?
1545 638 1599 671 ex
1636 623 1974 677 recordatione

131 727 149 754 5
179 708 374 757 scilicet
403 706 774 769 scripturarum,
816 721 938 769 quas
969 708 1097 754 retro
1128 707 1426 766 reuoluerat,
1467 721 1523 755 ex
1561 707 1975 771 contemplatione

112 1150 149 1180 10

113 1574 149 1604 15

115 1999 154 2029 20

179 793 614 850 sacramentorum,
669 804 792 853 quae
846 805 994 853 supra
1047 790 1348 840 disseruerat
1397 791 1446 839 in
1499 791 1646 840 fidem
1688 791 1871 842 Christi
1921 807 1977 841 ex

177 876 286 941 lege
338 875 633 924 uenientem.
693 874 815 923 haec
866 874 905 923 si
960 874 1180 924 Marcion
1233 875 1291 924 de
1343 875 1586 924 industria
1638 876 1802 937 erasit,
1857 876 1978 940 quid

179 960 436 1024 apostolus
476 960 582 1009 eius
622 959 878 1019 exclamat,
919 959 1080 1009 nullas
1118 960 1316 1009 intuens
1358 960 1559 1009 diuitias
1593 961 1685 1021 dei,
1723 969 1827 1009 tam
1858 976 1976 1024 pau-

177 1045 308 1110 peris
347 1046 397 1094 et
434 1044 577 1109 egeni
615 1059 762 1107 quarn
795 1044 878 1107 qui
902 1043 1033 1092 ¹nihil
1063 1044 1301 1105 condidit,
1339 1044 1463 1093 nihil
1494 1045 1814 1108 praedicauit,
1854 1046 1978 1094 nihil

181 1130 388 1193 denique
412 1129 601 1190 habuit,
629 1131 686 1177 ut
708 1129 792 1192 qui
815 1130 863 1178 in
884 1129 1043 1178 aliena
1067 1129 1353 1179 descendit?
1380 1129 1468 1179 sed
1492 1130 1619 1180 enim
1646 1133 1695 1179 et
1718 1131 1976 1194 apostolus

181 1217 231 1264 et
268 1214 470 1264 diuitiae
510 1215 744 1264 creatoris
777 1214 893 1263 olim
927 1214 1245 1264 absconditae
1277 1230 1406 1264 nunc
1435 1218 1697 1264 reseratae.
1738 1215 1808 1264 sic
1847 1216 1977 1265 enim

179 1300 548 1364 repromiserat:
597 1301 656 1348 et
702 1299 856 1349 dabo
903 1299 1046 1348 illis
1086 1299 1430 1349 thesauros
1472 1300 1782 1361 occultOS,
1821 1299 1978 1349 inui-

181 1384 410 1434 sibiles
464 1385 751 1448 aperiam.
791 1384 898 1434 eis.
937 1384 1051 1433 inde
1091 1400 1205 1450 ergo
1253 1386 1581 1434 exclamatum
1615 1388 1712 1435 est:
1767 1401 1792 1434 0
1846 1401 1976 1449 pro-

179 1469 438 1519 fundum
508 1469 889 1519 diuitiarum
950 1471 1009 1519 et
1076 1470 1439 1534 sapientiae
1493 1470 1613 1522 dei!
1684 1471 1826 1520 cuius
1877 1470 1976 1519 iam

180 1555 399 1603 thesauri
431 1555 676 1618 patebant.
702 1555 750 1603 id
782 1551 959 1604 Esaiae
993 1557 1041 1604 et
1070 1556 1328 1619 sequentia
1359 1556 1416 1604 de
1456 1556 1678 1605 eiusdem
1709 1555 1978 1620 prophetae

179 1638 534 1689 instrumento:
576 1639 714 1702 quis
756 1640 917 1688 enim
961 1641 1260 1705 cognouit
1292 1656 1544 1690 sensum
1577 1640 1830 1699 domini,
1871 1643 1982 1689 aut

183 1725 323 1788 quis
372 1724 796 1774 consiliarius
849 1725 1006 1789 <eius>
1059 1725 1220 1774 fuit?
1275 1726 1415 1789 quis
1470 1726 1760 1789 porrexit
1811 1726 1865 1774 ei
1920 1728 1979 1774 et

182 1809 584 1859 retribuetur
635 1809 772 1859 illi?
827 1811 911 1873 qui
963 1813 1101 1859 tanta
1154 1810 1211 1859 de
1259 1811 1516 1875 scripturis
1558 1811 1804 1869 ademisti,
1859 1810 1980 1873 quid

181 1895 279 1945 ista
318 1895 546 1955 seruasti,
587 1895 727 1958 quasi
764 1910 859 1944 non
899 1898 948 1944 et
986 1895 1106 1944 haec
1146 1895 1413 1945 creatoris?
1557 1896 1707 1944 Plane
1746 1894 1862 1944 noui
1902 1895 1981 1944 dei

182 1982 443 2044 praecepta
492 1978 774 2028 uideamus:
832 1979 989 2040 odic,
1042 1980 1219 2043 inquit,
1272 1980 1583 2030 habentes
1635 1980 1864 2029 malum
1920 1981 1981 2028 et

182 2065 328 2114 bono
356 2064 744 2113 adhaerentes
768 2093 837 2099 —-
862 2064 997 2114 aliud
1022 2067 1095 2113 est
1121 2066 1247 2114 enim
1274 2065 1405 2127 apud
1430 2068 1723 2115 creatorem:
1751 2064 1981 2113 auferte

182 2150 408 2198 malum
448 2149 515 2198 de
554 2149 738 2198 uobis
771 2151 843 2198 et:
877 2149 1130 2198 declina
1164 2165 1190 2198 a
1220 2151 1378 2198 malo
1413 2152 1471 2198 et
1501 2150 1598 2199 fac
1629 2150 1853 2199 bonum
1885 2167 1978 2205 -ς

184 2249 383 2283 amore
414 2233 861 2283 fraternitatis
901 2234 1171 2283 inuicem
1215 2234 1585 2293 adfectuosi
1615 2265 1683 2269 -—
1713 2250 1809 2283 non
1848 2234 1977 2283 enim

182 2320 233 2368 id
269 2319 435 2383 ipsum
476 2321 571 2368 est:
615 2319 852 2389 diliges
907 2319 1255 2384 proximum
1294 2321 1609 2384 tamquam
1647 2322 1706 2368 te
1745 2337 1833 2377 —3
1876 2333 1981 2383 spe

328 2500 369 2554 3]
402 2501 533 2541 uerba
563 2500 787 2554 apostolici
816 2499 1042 2541 Marcionis
1074 2513 1121 2541 ex
1150 2500 1270 2541 Rom.
1306 2500 1369 2552 11,
1402 2499 1454 2541 33
1494 2499 1714 2541 decurtata
1855 2498 1894 2551 6]
1927 2496 1980 2540 cf.

184 2571 302 2612 Rom.
345 2571 380 2623 1,
421 2572 484 2614 17.
523 2571 593 2625 (cf.
623 2584 670 2624 p.
713 2573 810 2623 619,
852 2573 894 2623 7)
1056 2570 1122 2624 12]
1162 2570 1233 2612 Es.
1271 2572 1340 2620 45,
1371 2572 1409 2612 3.
1556 2571 1623 2624 13]
1662 2571 1783 2611 Rom.
1818 2569 1881 2622 11,
1914 2569 1981 2610 33.

188 2643 255 2696 16]
295 2643 413 2683 Rom.
447 2643 510 2692 11,
543 2643 721 2684 33-34.
752 2642 820 2683 Es.
852 2642 920 2690 40,
956 2642 1132 2683 13—14.
1237 2642 1308 2696 20]
1340 2642 1459 2682 Rom.
1494 2642 1558 2692 12,
1589 2643 1628 2683 9.
1729 2641 1801 2694 21]
1830 2640 1850 2680 Ι
1881 2638 1980 2682 Cor.

185 2717 223 2767 5,
257 2715 321 2756 13.
353 2713 404 2755 cf.
434 2714 561 2757 Deut.
595 2713 659 2762 17,
692 2714 734 2762 7;
768 2713 833 2765 21,
867 2713 933 2756 21.
1064 2712 1133 2766 22]
1165 2713 1232 2753 Ps.
1266 2713 1332 2762 33,
1367 2712 1429 2753 15.
1549 2713 1619 2766 23]
1655 2711 1775 2753 Rom.
1815 2711 1881 2759 12,
1914 2710 1979 2751 10.

185 2786 259 2838 24]
287 2784 387 2826 Leu.
422 2785 485 2837 19,
519 2784 583 2827 18.
653 2774 655 2776 ’
698 2784 815 2824 Rom.
850 2784 914 2833 12,
950 2783 1013 2824 12.

241 2884 266 2924 2
298 2883 508 2924 sistebant
539 2883 581 2935 (b
612 2884 661 2924 in
688 2895 774 2924 ras.
801 2896 829 2923 a
851 2896 903 2925 m.
936 2884 973 2934 1)
995 2882 1052 2936 M
1135 2883 1162 2923 4
1192 2881 1518 2936 inuestigabiles
1549 2881 1621 2934 (ab
1652 2881 1695 2921 in
1727 2883 1766 2919 et
1793 2878 1979 2932 uestigo)

185 2954 290 3004 MR,
318 2953 744 3007 <in>inuestigabiles
773 2953 886 2993 Pam
998 2953 1082 2993 ista
1110 2953 1222 2994 Iun:
1250 2954 1337 2993 irae
1369 2951 1477 3001 MR,
1507 2951 1583 2993 illa
1611 2950 1698 3003 Riy
1811 2948 1835 2990 5
1867 2947 1981 2988 euol-

186 3028 305 3067 uerat
325 3025 434 3078 fort.
516 3027 538 3067 7
569 3026 707 3079 legem
735 3025 795 3067 M
901 3026 1006 3067 haec
1034 3025 1124 3067 scil.
1158 3024 1387 3077 scripturas
1419 3027 1458 3064 et
1486 3023 1751 3064 sacramenta
1840 3018 1985 3071 (non)

188 3097 315 3138 erasit
350 3096 433 3138 Urs
562 3097 612 3137 10
643 3097 861 3151 apostolus
896 3095 1024 3149 MR¹‚
1056 3108 1155 3150 opes
1186 3094 1247 3137 R3
1263 3095 1416 3148 ἁαῐρος
1445 3094 1660 3147 intelleye:
1689 3094 1733 3132 et
1761 3088 1979 3145 apostolus

189 3168 295 3222 (scil.
335 3168 549 3217 creatoris,
585 3180 670 3208 non
705 3167 931 3209 Marcionis
972 3169 1049 3220 est,
1089 3167 1142 3219 cf.
1185 3167 1209 3208 l.
1251 3168 1295 3217 8)
1338 3167 1382 3206 et
1419 3164 1597 3205 diuitiae
1635 3160 1834 3204 creatoris
1874 3158 1981 3209 (scil.

188 3242 301 3292 sunt)
389 3239 439 3279 17
473 3238 561 3279 eius
593 3238 694 3279 add.
725 3237 795 3287 R3,
828 3250 907 3279 om.
939 3236 1053 3279 MR‘·
1139 3237 1189 3277 21
1223 3237 1271 3277 in
1294 3235 1352 3276 M
1375 3235 1562 3288 mai-qimi
1593 3231 1827 3285 adscripsit
1853 3243 1906 3270 m.
1938 3231 1983 3269 1:

189 3308 411 3351 antifrasin

228 3406 439 3439 xxxxvn.
458 3408 551 3439 Ten.
578 3407 645 3436 111.
1872 3384 1928 3425 40
