2248 3646
511 276 607 318 VII.
636 275 898 317 Aduersus
929 276 1242 318 Marcionem
1272 276 1345 318 lib.
1376 277 1420 318 II
1452 277 1629 319 16-18.
1879 280 1980 329 359

177 446 204 480 a
226 433 311 481 tuo
337 430 426 480 deo
449 429 627 480 didicit
650 432 841 481 creator
863 446 1004 481 meus
1029 431 1385 495 praescribere:
1413 448 1442 481 n
1459 447 1484 481 o
1500 449 1527 481 n
1556 449 1580 483 o
1598 449 1622 483 c
1638 433 1737 483 cid
1757 449 1781 483 e
1797 448 1837 493 S,
1863 449 1892 482 n
1909 448 1934 482 o
1951 449 1979 482 n

176 516 598 576 adulterabis,
624 530 731 565 non
757 515 1101 576 furaberis,
1135 531 1242 565 non
1276 517 1509 566 falsum
1536 519 1980 567 testimonium

175 600 368 660 diceS‚
408 600 687 650 alienum
725 616 839 650 non
882 601 1330 665 concupisceS,
1369 602 1607 652 honora
1642 607 1884 665 patrem
1925 608 1981 652 et

173 688 449 746 matrem,
477 687 527 735 et
551 685 791 750 diliges
818 686 1160 749 proximum
1189 688 1352 735 tuum
1382 690 1445 735 ut
1468 687 1886 751 temetipsum.
1921 688 1981 737 ad

128 790 145 817 5
172 771 294 820 haec
329 770 642 820 innocentiae
681 771 730 818 et
767 770 1054 834 pudicitiae,
1093 770 1317 820 iustitiae
1365 774 1414 820 et
1450 771 1651 836 pietatis
1690 772 1982 836 principalia

173 856 401 904 consulta
414 855 658 905 accedunt
671 855 820 904 etiam
835 855 1158 904 humanitatis
1174 857 1494 920 praescripta,
1508 872 1619 906 cum
1635 857 1848 921 septimo
1864 873 1982 920 quo-

172 955 267 1004 que
292 955 413 990 anno
440 940 647 989 seruitia
677 940 908 989 libertate
944 939 1223 1000 soluuntur,
1257 956 1371 990 cum
1404 942 1576 990 eodem
1607 945 1831 1006 tempore
1865 957 1980 1007 agro

170 1024 390 1089 parcitur
413 1025 581 1091 egenis
607 1024 823 1074 cedendo
849 1027 1031 1085 locum,
1057 1024 1223 1089 <cum>
1247 1026 1365 1075 boui
1391 1027 1537 1075 etiam
1570 1028 1749 1076 terenti
1781 1027 1984 1076 uincula

171 1109 268 1159 oris
292 1111 617 1160 remittuntur
641 1110 701 1158 ad
725 1109 946 1159 fructum
971 1110 1247 1174 praesentis
1271 1111 1476 1171 laboris,
1495 1127 1591 1176 quo
1610 1112 1809 1161 facilius
1834 1112 1882 1161 in
1900 1127 1982 1175 pe-

100 1215 140 1245 10
171 1194 380 1244 cudibus
396 1194 757 1258 praemeditata
771 1195 1056 1244 humanitas
1075 1196 1123 1243 in
1143 1194 1398 1244 hominum
1416 1196 1674 1262 refrigeria
1686 1197 1981 1246 erudiretur.

241 1281 318 1330 18.
344 1280 439 1331 Sed
465 1296 590 1345 quae
616 1279 783 1345 potius
814 1280 941 1345 legis
972 1280 1101 1330 bona
1133 1280 1395 1330 defendam
1430 1297 1575 1344 quam
1611 1298 1735 1346 quae
1760 1283 1979 1332 haeresis

170 1367 456 1431 concu<tere
482 1365 794 1430 concu>piit‘?
814 1369 869 1414 ut
893 1365 1093 1414 talionis
1120 1365 1475 1427 definitionem,
1497 1368 1698 1417 oculum
1724 1383 1809 1431 pro
1836 1368 1979 1417 oculo

170 1452 367 1502 dentem
404 1468 492 1515 pro
534 1451 677 1500 dente
719 1454 768 1500 et
804 1451 1014 1500 liuorem
1055 1465 1141 1515 pro
1182 1451 1339 1501 liuore
1379 1452 1668 1516 repetentis.
1715 1469 1810 1502 non
1851 1453 1982 1502 enim

167 1537 374 1587 iniuriae
405 1538 580 1586 mutuo
614 1536 912 1586 exercendae
949 1535 1204 1585 licentiam
1245 1537 1391 1601 sapit,
1432 1538 1519 1586 sed
1557 1538 1605 1587 in
1645 1540 1811 1587 totum
1851 1538 1983 1587 cohi-

98 1642 137 1672 15
166 1623 354 1673 bendae
400 1622 669 1672 uiolentiae
714 1622 980 1686 prospicit,
1010 1624 1081 1681 ut,
1131 1622 1247 1684 quia
1293 1622 1561 1672 durissimo
1611 1626 1660 1673 et
1703 1623 1893 1672 infideli
1931 1623 1979 1672 in

169 1708 316 1757 deum
361 1707 546 1771 populo
590 1707 799 1772 longum
845 1706 929 1755 uel
983 1706 1132 1755 etiam
1182 1706 1472 1757 incredibile
1516 1708 1773 1758 uideretur
1818 1725 1843 1757 a
1890 1708 1979 1757 deo

171 1796 425 1857 expectare
471 1792 739 1851 defensam,
788 1791 1075 1841 edicendam
1116 1795 1291 1856 postea
1329 1808 1416 1856 per
1455 1794 1769 1857 prophetam:
1825 1794 1980 1843 mihi

171 1878 506 1936 defensam,
556 1882 612 1927 et
657 1892 768 1941 ego
817 1877 1162 1936 defendam,
1216 1877 1377 1927 dicit
1424 1878 1733 1939 dominus,
1782 1880 1979 1929 interim

170 1963 455 2014 commissio
487 1963 694 2012 iniuriae
726 1965 863 2012 metu
895 1963 1022 2012 uicis
1057 1963 1228 2012 statim
1261 1979 1554 2014 occursurae
1592 1966 1982 2030 repastinaretur

98 2068 140 2099 20
170 2052 219 2098 et
259 2049 464 2099 licentia
506 2049 846 2098 retributionis
892 2048 1162 2112 prohibitio
1203 2054 1337 2099 esset
1374 2051 1763 2114 prouocationiS,
1811 2055 1868 2101 ut
1906 2052 1979 2101 sic

165 2134 457 2199 improbitas
504 2150 531 2183 a
572 2149 623 2183 se
667 2137 778 2183 tuta
823 2137 1058 2193 cessaret,
1097 2133 1214 2183 dum
1263 2135 1481 2185 secunda
1526 2137 1770 2199 permissa
1820 2137 1979 2201 prima

165 2222 378 2269 terretur
431 2224 480 2270 et
523 2220 682 2284 prima
732 2219 966 2269 deterrita
1010 2235 1098 2268 nec
1137 2220 1356 2270 secunda
1395 2218 1745 2279 committitur,
1796 2238 1892 2287 qua
1931 2226 1978 2273 et

167 2306 288 2355 alias
333 2306 529 2355 facilior
579 2306 729 2355 timor
779 2305 982 2366 talionis
1028 2321 1114 2374 per
1160 2305 1383 2355 eiusdem
1431 2322 1655 2370 saporem
1711 2309 1975 2372 passionis.

164 2391 290 2440 nihil
333 2391 549 2440 amarius
598 2406 744 2454 quam
790 2390 841 2439 id
885 2390 1051 2454 ipsum
1098 2391 1220 2456 pati,
1268 2391 1400 2455 quod
1438 2392 1615 2443 feceris
1657 2393 1782 2443 aliis.
1844 2397 1895 2443 et
1935 2395 1978 2444 si

94 2494 134 2526 25
162 2476 239 2526 lex
271 2476 458 2540 aliquid
495 2476 619 2525 cibis
651 2476 867 2525 detrahit
899 2479 948 2524 et
976 2477 1216 2527 inmunda
1246 2478 1536 2541 pronuntiat
1566 2478 1814 2539 animalia,
1850 2495 1976 2543 quae

164 2561 427 2626 aliquando
472 2561 731 2611 benedicta
785 2565 916 2620 sunt,
973 2561 1237 2611 consilium
1292 2563 1587 2612 exercendae
1642 2565 1975 2615 continentiae

162 2646 395 2711 intellege
451 2649 500 2696 et
551 2646 713 2696 frenos
763 2646 1026 2710 impositos
1074 2646 1148 2695 illi
1196 2647 1341 2712 gulae
1389 2663 1618 2713 agnosce,
1669 2665 1811 2713 quae,
1862 2665 1972 2700 cum

160 2747 336 2796 panem
376 2731 542 2781 ederet
580 2732 887 2796 angelorum,
936 2746 1224 2781 cucumeres
1266 2734 1315 2781 et
1352 2747 1570 2796 pepones
1609 2734 1975 2799 Aegyptiorum

305 2858 342 2912 1]
376 2858 504 2899 Exod.
537 2858 603 2910 20⁷
631 2859 808 2901 12-16,
890 2859 931 2912 4]
957 2858 1057 2901 Leu.
1086 2860 1150 2908 19,
1179 2859 1241 2902 18.
1333 2859 1372 2913 7]
1407 2859 1459 2902 cf.
1490 2860 1592 2901 Leu.
1625 2861 1692 2912 25,
1723 2863 1760 2902 4.
1851 2863 1894 2916 8]
1923 2862 1974 2904 cf.

162 2930 288 2973 Deut.
321 2931 388 2976 25,
419 2931 458 2971 4.
549 2931 618 2984 12]
650 2929 701 2973 cf.
732 2929 866 2971 Exod.
898 2930 964 2977 21.
990 2931 1055 2972 24.
1148 2931 1216 2984 13]
1253 2931 1304 2972 cf.
1336 2930 1466 2971 Exod.
1500 2932 1566 2980 21,
1594 2931 1659 2971 25.
1753 2933 1819 2986 17]
1853 2934 1973 2974 Rom.

166 3001 229 3052 12,
261 3001 325 3041 19.
358 3000 486 3042 Deut.
518 3001 684 3058 3235.
718 3000 770 3041 cf.
802 3001 931 3057 Hebr.
969 3001 1033 3054 10,
1066 3001 1134 3042 30.

222 3086 239 3126 1
267 3085 551 3139 praescribere
568 3085 630 3139 R,
649 3086 909 3139 proscribere
927 3086 1030 3128 MF
1098 3088 1125 3127 4
1148 3087 1424 3140 temetipsum
1442 3088 1500 3140 M,
1526 3090 1569 3129 te
1593 3089 1732 3141 ipsum
1750 3089 1792 3131 R
1867 3090 1972 3130 5111-

162 3156 386 3211 nocentiae
408 3156 581 3210 respicit
604 3157 685 3198 ad.-
709 3170 789 3198 non
809 3156 978 3199 occides
1066 3160 1108 3198 et
1124 3157 1359 3211 pudicitiae
1376 3159 1550 3225 scripsi:
1567 3159 1799 3213 pudicitiae
1818 3164 1862 3201 et
1875 3161 1973 3203 MR

162 3226 186 3267 8
203 3240 295 3268 cum
315 3227 473 3269 addidi
545 3229 592 3269 11
612 3228 725 3269 bona
736 3228 1093 3281 praedicatiuum
1107 3229 1304 3283 intellcye
1379 3231 1428 3270 12
1449 3233 1702 3283 concu<tere
1722 3225 1973 3286 concu>piit

160 3320 333 3372 scripsi:
350 3321 564 3374 concupiit
578 3320 674 3362 MR
738 3322 787 3361 14
803 3293 948 3371 mgtuo
966 3321 1025 3361 M
1035 3324 1160 3375 (corr.
1181 3336 1234 3362 m.
1253 3325 1290 3372 1)
1350 3323 1397 3363 21
1421 3336 1445 3363 a
1462 3336 1505 3364 se
1523 3326 1618 3364 tuta
1633 3324 1810 3376 scripsi:
1828 3327 1971 3366 astuta

161 3389 345 3445 Mam„
360 3394 554 3432 aestuata
576 3391 632 3441 R,
658 3392 847 3433 extincta
876 3391 1079 3434 Oehlerus
1171 3394 1225 3434 23
1251 3393 1439 3434 eiusdem
1463 3394 1638 3447 scripsi:
1672 3394 1853 3435 eundem
1875 3396 1973 3438 MR
