2248 3646
243 253 308 302 68
606 247 798 300 Quinti
831 248 1062 304 Septimi
1094 216 1379 291 Florentis
1413 248 1753 291 Tertulliani

242 410 391 461 educi
432 412 483 461 et
520 409 771 476 refrigerii
811 409 1015 459 nomine
1064 409 1306 473 respirari
1355 411 1405 460 et
1443 410 1622 460 uiuere
1671 409 1847 460 exinde
1893 410 1945 461 in
1986 423 2120 463 terra

241 513 335 549 sua
372 486 579 549 Iudaea,
623 500 672 548 et
715 497 839 562 quid
879 500 998 563 post
1037 497 1199 547 haec‘?
1233 497 1517 547 morientur
1550 498 1657 548 sine
1692 497 1863 550 dubio.
1906 501 1957 550 et
1996 499 2120 565 quid

240 587 359 652 post
411 587 664 636 mortem?
719 585 879 646 nulla,
937 584 1133 651 opinor,
1188 585 1540 648 resuscitatiO,
1598 585 1643 637 si
1696 601 1795 636 non
1849 586 1974 637 haec
2025 588 2121 637 erit

238 673 368 737 ipsa,
414 688 543 738 quae
586 673 845 723 Ezechieli
885 672 1164 724 reuelatur.
1208 672 1298 723 sed
1341 673 1475 723 enim
1518 675 1569 724 et
1623 673 1749 724 alias
1798 675 2122 740 praedicatur

239 763 565 814 resurrectio.
588 776 706 829 ergo
729 763 780 814 et
804 761 930 811 haec
958 761 1070 823 erit,
1090 763 1141 811 et
1165 763 1359 812 temere
1377 761 1643 812 inrstatum
1665 777 1774 812 eam
1795 762 2119 813 Iudaicarum
2174 783 2194 813 5

238 866 408 900 rerum
451 851 777 900 conuertunt-·.¹
820 851 911 900 aut
950 848 994 899 si
1029 849 1127 900 alia
1170 851 1250 899 est
1281 849 1372 899 illa
1408 865 1566 914 quam
1609 849 1949 911 defendimuS,
1991 850 2122 902 nihil

238 953 353 988 mea
391 938 621 997 interest,
656 937 787 987 dum
823 937 893 988 sit
933 939 983 988 et
1015 952 1286 1003 corporum
1322 937 1648 995 resurrectiO,
1693 937 1830 988 sicut
1862 942 1913 988 et
1949 954 2120 989 rerum

238 1025 578 1076 Iudaicarum.
607 1025 825 1091 denique
851 1025 948 1088 hoc
973 1025 1114 1092 ips0,'
1135 1024 1271 1090 quod
1302 1024 1617 1076 recidiuatus
1642 1025 1839 1076 Iudaici
1868 1027 2033 1077 status
2061 1026 2121 1077 de

238 1113 650 1179 recorporatione
691 1115 741 1164 et
788 1113 1194 1164 redanimatione
1245 1128 1459 1163 ossuum
1507 1113 1776 1179 figuratur,
1824 1113 1877 1163 id
1919 1129 2121 1180 quoque

241 1203 545 1251 euenturum
575 1200 784 1251 ossibus
815 1201 1078 1266 probatur.
1113 1216 1212 1250 non
1241 1200 1372 1250 enirn
1408 1202 1588 1265 posset
1620 1200 1681 1251 de
1715 1200 1921 1252 ossibus
1956 1201 2122 1268 figura
2154 1219 2192 1248 ιο

239 1288 495 1354 componi,
539 1289 581 1338 si
632 1305 728 1339 non
778 1289 830 1338 id
876 1289 1048 1354 ipsum
1100 1290 1152 1339 et
1200 1289 1405 1341 ossibus
1456 1291 1762 1339 euenturum
1813 1292 1963 1340 esset.
2003 1306 2120 1340 nam

238 1376 337 1427 etsi
369 1376 673 1443 figmentum
708 1377 946 1427 ueritatis
979 1377 1027 1427 in
1061 1377 1288 1443 imagine
1330 1380 1424 1437 est,
1466 1377 1637 1444 imago
1670 1377 1785 1443 ipsa
1815 1377 1864 1428 in
1899 1378 2120 1428 ueritate

239 1466 319 1514 est
360 1464 456 1515 sui.
495 1471 709 1516 necesse
760 1467 839 1514 est
887 1480 999 1515 esse
1038 1464 1183 1529 prius
1226 1464 1341 1525 sibi,
1385 1480 1482 1530 quo
1524 1465 1611 1515 alii
1652 1465 2017 1533 configuretur.
2060 1465 2120 1516 de

236 1537 402 1603 uacuo
437 1551 726 1603 similitudo
761 1568 861 1603 non
896 1551 1260 1617 competit,-de
1286 1554 1428 1604 nullo
1455 1553 1700 1619 parabola
1733 1569 1832 1603 non
1859 1554 2118 1605 conuenit.

235 1639 309 1689 ita
349 1639 611 1704 oportebit
651 1655 867 1691 ossuum
910 1656 1117 1706 quoque
1167 1640 1307 1691 credi
1353 1641 1807 1693 reuiscerationem
1866 1644 1917 1693 et
1962 1642 2120 1708 respi-
2154 1657 2193 1688 15

235 1727 502 1788 rationem,
553 1728 720 1793 qualis
780 1728 986 1787 dicitur,
1044 1728 1105 1779 de
1154 1745 1259 1795 ,qua
1304 1730 1473 1794 possit
1526 1729 1740 1795 exprimi
1783 1729 2120 1781 vIudaicarum

235 1830 407 1865 rerum
447 1816 763 1878 reformatio,
815 1817 982 1881 qualis
1024 1806 1315 1884 adfingitur.
1357 1817 1446 1868 sed
1486 1817 1653 1884 magis
1694 1818 1998 1884 religiosum
2041 1820 2122 1869 est

234 1902 511 1955 ueritatem
553 1903 614 1954 de
656 1919 779 1955 suae
818 1905 852 1970 †
893 1895 1115 1955 ueritate
1157 1904 1511 1971 simplicitatis
1553 1905 1773 1969 defendi,
1816 1922 1969 1972 quam
2011 1922 2121 1957 sen-

238 2006 328 2040 sus
370 1990 577 2042 diuinae
603 1991 989 2059 propositionis
1033 1994 1344 2073 expostulat.
1393 1994 1437 2044 si
1477 1994 1612 2044 enim
1660 1993 1723 2044 ad
1762 2009 1842 2044 res
1881 1994 2119 2045 Iudaicas

235 2079 495 2143 spectaret
533 2078 661 2130 haec
701 2080 856 2142 uisi0,
900 2081 1077 2132 statim
1111 2082 1341 2133 reuelato
1384 2081 1490 2132 situ
1524 2098 1737 2134 ossuum
1782 2082 2115 2133 subiecisset:
2149 2096 2189 2127 20

236 2181 374 2217 ossa
413 2167 539 2217 ista
579 2168 773 2219 omnis
816 2168 1029 2220 domus
1067 2169 1370 2220 Israhelis
1413 2172 1521 2233 est,
1565 2173 1615 2220 et
1655 2173 1826 2221 cetera
1859 2170 2115 2236 deinceps

234 2255 286 2303 at
326 2269 441 2304 cum
478 2255 700 2306 ostensis
736 2256 943 2307 ossibus
977 2256 1038 2307 de
1065 2257 1277 2323 propria
1309 2274 1400 2324 spe
1434 2274 1610 2309 eorum
1644 2258 1768 2324 quid
1801 2257 2113 2324 obloquitur,

233 2340 459 2391 nondum
510 2343 773 2394 nominato
823 2344 1066 2405 Israhele,
1112 2348 1162 2395 et
1201 2344 1355 2396 fidem
1395 2348 1619 2413 temptat
1658 2346 1961 2412 prophetae:
2017 2345 2115 2396 fili

233 2429 525 2491 hominiS,
584 2430 634 2480 si
688 2431 905 2482 uiuent
960 2447 1102 2482 ossa
1162 2433 1343 2484 haec?
1399 2437 1459 2484 ut
1512 2436 1564 2485 et
1615 2433 1703 2484 ille
1757 2433 2110 2499 responderet:

233 2516 490 2580 domine,
534 2520 602 2568 tu
644 2518 785 2578 scis,
826 2534 924 2569 non
966 2519 1146 2585 utique
1189 2519 1314 2571 deus
1354 2520 1634 2587 prophetae
1673 2521 1827 2572 fidem
1870 2522 1931 2572 de
1964 2537 2022 2572 ea
2061 2538 2112 2572 re
2143 2537 2185 2570 25

230 2607 555 2671 temptasset,
574 2621 704 2672 quae
722 2606 898 2656 futura
921 2623 1019 2658 non
1047 2610 1202 2670 esset,
1236 2625 1387 2674 quam
1413 2626 1695 2676 numquam
1717 2611 1915 2662 Israhel
1940 2611 2110 2663 audis-

232 2695 328 2755 set,
385 2709 539 2759 quam
596 2694 736 2745 credi
788 2709 887 2744 non
944 2697 1220 2761 oporteret.
1275 2697 1366 2748 sed
1420 2698 1663 2764 quoniam
1716 2693 2111 2764 praedicabatur

231 2780 440 2847 quidem
479 2784 787 2841 resurrectio
827 2785 1168 2845 mortuorum,
1202 2785 1399 2836 Israhel
1430 2802 1554 2838 uero
1586 2790 1676 2852 pro
1712 2802 1807 2837 sua
1835 2786 2108 2838 increduli-

377 2980 448 3035 21]
483 2981 554 3023 Ez.
590 2982 658 3032 37,
696 2981 761 3024 11.
853 2983 928 3038 23]
963 2982 1039 3025 ΕΖ.
1071 2984 1141 3038 37,
1175 2984 1213 3027 3.
1307 2985 1380 3040 25]
1414 2984 1491 3027 ΕΖ.
1525 2987 1594 3037 37,
1628 2987 1668 3028 3.

293 3082 312 3122 1
348 3081 552 3136 respirari
583 3081 739 3138 PMF,
779 3085 996 3139 respirare
1026 3085 1143 3127 Pam
1232 3086 1257 3127 3
1289 3088 1550 3130 resurrectio
1583 3087 1632 3129 F
1717 3090 1742 3132 5
1776 3091 1852 3131 aut
1882 3089 1990 3133 haec
2012 3091 2106 3134 Iun

231 3154 257 3195 9
298 3154 613 3197 readunatione
658 3155 695 3198 Ο
812 3158 975 3200 ossium
1015 3151 1061 3201 R'
1153 3159 1206 3202 15
1247 3159 1412 3201 ossium
1449 3160 1494 3203 R
1587 3162 1639 3205 18
1680 3160 1732 3204 de
1773 3176 1876 3206 suae
1915 3163 2103 3207 ueritate

231 3225 534 3281 simplicitatis
559 3228 716 3284 PMF,
751 3228 804 3271 de
837 3232 915 3271 sua
939 3231 1226 3285 simplicitate
1250 3235 1294 3273 et
1318 3234 1581 3277 auctoritate
1604 3234 1661 3285 B,
1695 3233 1748 3276 de
1779 3249 1884 3278 suae
1917 3237 2104 3279 auctori-

230 3300 323 3340 tate
357 3299 658 3355 simplicitatis
681 3302 821 3344 Pam:
853 3317 929 3358 eqo
959 3304 1144 3346 rescribi
1173 3305 1331 3346 uelim:
1363 3305 1416 3347 de
1449 3319 1552 3348 suae
1585 3307 1882 3363 simplicitatis
1915 3309 2103 3352 ueritate

231 3371 383 3413 ceteris
428 3373 908 3429 (quam—expostulat)
956 3380 1008 3418 ut
1051 3376 1444 3431 interpretamento
1492 3379 1646 3421 deletis
1757 3381 1811 3422 20
1858 3381 2021 3423 ossium
2058 3382 2102 3426 R

230 3443 286 3485 22
319 3445 395 3499 qui
425 3445 544 3488 Pam
635 3447 688 3489 23
723 3450 768 3490 et
800 3461 880 3491 om.
915 3449 959 3490 P
1046 3449 1102 3491 24
1135 3463 1235 3492 ossa
1262 3451 1403 3501 Lhaec,
1433 3452 1489 3506 B,
1523 3466 1623 3494 ossa
1653 3453 1802 3495 PMF
