2248 3646
598 274 652 315 ΙΙ.
685 275 756 314 De
790 273 971 315 Carnis
1003 273 1410 315 Resurrectione
1443 273 1623 315 61-63,
1922 274 2021 322 125

213 446 301 480 suo
343 430 521 494 spiritu
560 430 608 478 in
649 444 842 480 omnem
886 443 1097 488 carnem,
1143 428 1191 477 in
1239 443 1411 478 seruos
1459 443 1577 477 suos
1619 429 1667 476 et
1706 427 1928 488 ancillaS,
1974 430 2026 477 et

210 515 355 563 fidem
401 515 709 564 labora-ntem
755 512 1131 562 resurrectionis
1178 513 1386 562 carnalis
1433 512 1677 561 animauit
1721 515 1770 561 et
1813 511 2024 575 pristina

209 600 539 649 instrumenta
590 597 870 647 manifestis
923 597 1189 646 uerborum
1242 599 1291 646 et
1343 610 1579 647 sensuum
1634 597 1908 646 luminibus
1961 596 2020 646 ab

210 685 343 734 omni
396 682 738 748 ambiguitatis
794 682 1099 731 obscuritate
1150 681 1398 746 purgauit.
1458 697 1572 731 nam
1627 681 1742 746 quia
1792 681 2022 731 haereses

162 788 179 816 5
210 784 318 818 esse
378 771 679 832 oportuerat,
733 770 790 815 ut
840 766 1122 831 probabiles
1185 767 1369 830 quique
1424 766 1876 827 manifestarentur,
1929 767 2021 817 hae

207 857 373 902 autem
427 853 530 902 sine
577 853 830 915 aliquibus
878 851 1225 902 occasionibus
1281 851 1639 916 scripturarum
1694 851 1874 902 audere
1925 867 2019 902 non

206 941 445 1002 poterant,
494 937 676 988 idcirco
721 937 933 1001 pristina
970 937 1306 986 instrumenta
1351 936 1590 999 quasdam
1637 938 1873 988 materias
1918 935 2020 986 illis

205 1023 439 1073 uidentur
469 1023 896 1083 subministrasse,
930 1024 979 1072 et
1008 1022 1144 1086 ipsas
1179 1021 1378 1084 quidem
1411 1021 1571 1072 isdem
1596 1021 1779 1072 litteris
1811 1022 2020 1072 reuinci—

207 1108 394 1158 cibileS.
436 1108 523 1158 sed
563 1108 795 1172 quoniam
835 1123 923 1156 nec
964 1105 1282 1157 dissimulare
1329 1106 1559 1171 spiritum
1602 1111 1833 1157 sanctum
1879 1122 2020 1172 opor-

138 1215 174 1244 ιο
204 1193 356 1253 tebat,
405 1193 670 1257 quominus
719 1196 769 1242 et
812 1192 1106 1242 huiusmodi
1151 1191 1364 1255 eloquiis
1412 1192 1841 1255 superinundaret,
1895 1207 2019 1256 quae

205 1278 354 1327 nullis
395 1278 759 1328 haereticorum
807 1277 1048 1326 uersutiis
1097 1276 1288 1326 semina
1327 1276 1732 1342 subspargerent,
1777 1277 1929 1327 immo
1970 1280 2020 1326 et

208 1365 397 1412 ueteres
453 1379 624 1412 eorum
677 1363 894 1426 cespites
949 1362 1207 1422 uellerent,
1269 1361 1455 1411 idcirco
1509 1362 1610 1411 iam
1665 1378 1836 1413 omnes
1888 1364 2017 1412 retro

204 1448 558 1513 ambiguitates
598 1451 648 1498 et
685 1463 808 1511 quas
848 1449 1026 1497 uolunt
1061 1447 1321 1510 parabolas
1360 1449 1532 1512 aperta
1568 1450 1718 1511 atque
1755 1448 2020 1512 perspicua

203 1533 358 1582 totius
405 1533 700 1582 sacramenti
744 1532 1113 1596 praedicatione
1161 1531 1404 1582 discussit
1447 1547 1533 1596 per
1575 1548 1758 1582 nouam
1809 1531 2016 1597 prophe-

138 1641 170 1668 15
201 1618 323 1667 tiam
355 1618 412 1667 de
443 1619 692 1682 paracleto
723 1618 1065 1667 inundantem.
1100 1617 1243 1667 cuius
1276 1617 1318 1666 si
1350 1617 1582 1667 hauseris
1608 1620 1789 1679 ionteS,
1826 1618 2014 1667 nullam

201 1704 385 1767 poteris
427 1703 564 1753 sitire
604 1703 896 1761 doctrinam,
944 1703 1115 1752 nullus
1155 1705 1204 1752 tc
1244 1702 1387 1752 ardor
1425 1706 1595 1752 exuret
1641 1701 2011 1766 quaestionum:

199 1788 610 1838 resurrectionem
643 1804 841 1852 quoque
867 1787 1028 1838 carnis
1054 1803 1416 1852 usquequaque
1439 1788 1655 1852 potando
1679 1786 2013 1853 refrigerabis,

337 1942 380 1995 4]
415 1941 466 1982 ef.
498 1942 519 1983 1
550 1941 644 1984 eor.
680 1942 742 1991 11,
778 1942 842 1986 19.

254 2042 278 2081 5
315 2039 692 2081 manifestarentur
733 2039 835 2082 Gel:
879 2040 1211 2081 manifestantur
1254 2040 1399 2081 PMF
1483 2041 1505 2081 7
1550 2041 1669 2089 Allis,
1712 2040 1915 2081 uidentur
1957 2039 2011 2087 B,

199 2109 397 2151 uidentur
433 2110 577 2152 PMF
667 2113 691 2152 9
729 2110 911 2153 necdum
954 2111 1034 2152 Gel
1123 2112 1172 2152 17
1213 2111 1534 2165 refrigeraberis
1571 2111 1823 2164 Leopoldus
1936 2110 2012 2151 DE

197 2180 402 2223 CARle
433 2181 907 2224 RESVRRECTIONE
938 2181 1205 2224 EXPLICIT
1236 2183 1345 2235 PM,
1383 2183 1570 2238 Explicit
1608 2182 1659 2224 de
1699 2184 1836 2224 carnis
1872 2195 2012 2222 resur—

194 2252 381 2293 rectione
411 2252 459 2293 F
