2340 3658
126 1229 167 1259 10

102 1663 105 1666 ’
124 1654 167 1690 ,15

616 292 707 333 VH.
740 292 1004 335 Aduersus
1034 293 1348 335 Marcionem
1378 295 1453 336 lib.
1485 295 1522 335 V
1553 296 1590 339 8.
1906 300 2007 349 599

200 463 344 512 quos
390 448 658 513 parturio
704 463 930 508 rursm,
976 449 1075 498 iam
1114 465 1244 499 nunc
1283 452 1332 499 et
1368 450 1456 499 illa
1493 451 1757 514 promissio
1799 451 2008 515 spiritus

199 535 446 593 absoluta,
499 534 631 583 facta
681 549 768 598 per
820 535 1064 584 Iohelem:
1117 536 1174 584 in
1229 536 1579 586 nouissimis
1633 538 2009 601 temporibus

201 619 504 669 effundam
559 618 626 668 de
679 634 803 668 meo
851 620 1071 682 spiritu
1118 621 1173 669 in
1223 636 1446 670 omnem
1488 637 1737 681 carnem,
1793 625 1848 671 et
1885 638 2010 686 pro-

197 705 533 769 phetabunt
583 704 704 754 filii
757 705 1050 768 filiaeque
1104 721 1320 766 eorum,
1369 710 1426 755 et
1478 722 1653 771 super
1700 722 1906 758 seruos
1953 709 2011 756 et

202 782 452 840 ancillas
494 804 648 839 meas
690 789 755 838 de
793 805 920 839 meo
961 790 1184 854 spiritu
1224 791 1540 841 effundam.
1582 794 1632 840 et
1669 792 1845 855 utique
1886 791 1928 841 si
1959 791 2010 840 in

198 875 503 937 nouissimos
544 874 648 924 dies
691 875 898 939 gratiam
941 875 1148 939 spiritus
1196 878 1388 926 creator
1431 876 1731 940 repromisit,
1782 876 2012 926 Christus

197 963 365 1010 autem
418 960 718 1025 spiritalium
774 958 1089 1024 dispensator
1131 961 1180 1009 in
1226 961 1518 1011 nouissimis
1567 961 1740 1010 diebus
1782 961 2013 1026 apparuit

199 1046 393 1096 dicente
418 1047 672 1110 apostolo:
706 1047 763 1094 at
794 1045 894 1094 ubi
926 1048 1160 1110 tempus
1195 1047 1497 1111 expletum
1530 1048 1634 1106 est,
1669 1046 1836 1095 misit
1867 1046 2010 1095 deus

198 1130 395 1185 filium
450 1145 637 1190 suum,
695 1133 745 1179 et
781 1146 981 1181 rursus:
1038 1131 1172 1193 quia
1225 1132 1457 1195 tempus
1504 1130 1615 1180 iam
1656 1131 1712 1180 in
1752 1131 2010 1181 collecto

198 1218 304 1276 est,
358 1218 565 1280 apparet
618 1215 668 1264 e‘t
713 1216 771 1265 de
816 1218 1099 1280 temporum
1145 1215 1439 1265 ultimorum
1483 1216 1851 1279 praedicatione
1887 1217 2013 1265 hanc

197 1303 412 1367 gratiam
452 1301 659 1366 spiritus
701 1301 762 1350 ad
802 1300 1058 1351 Christum
1096 1301 1452 1365 praedicatoris
1486 1301 1744 1364 pertinere.
1785 1316 2016 1365 compara

197 1386 407 1449 denique
454 1387 647 1451 species
695 1387 912 1450 apostoli
963 1389 1013 1436 et
1048 1386 1241 1436 Esaiae.
1297 1387 1417 1447 alii,
1464 1386 1646 1451 inquit,
1694 1387 1867 1436 datur
1913 1402 2015 1450 per

197 1472 477 1536 spiritum
531 1488 717 1522 sermo
774 1472 1131 1536 sapientiae:
1186 1473 1359 1522 statim
1414 1474 1465 1521 et
1514 1472 1689 1522 Esaias
1743 1471 2014 1536 sapientiae

197 1557 428 1621 spiritum
488 1558 680 1622 posuit;
752 1557 853 1607 alii
922 1573 1112 1607 sermo
1175 1558 1491 1607 scientiae:
1555 1557 1637 1606 hic
1697 1557 1791 1606 erit
1851 1571 2012 1606 sermo

195 1643 569 1709 intellegentiae
622 1647 672 1693 et
724 1643 943 1703 consilii3
1009 1643 1111 1693 alii
1164 1643 1321 1694 fides
1381 1643 1438 1692 in
1499 1643 1700 1692 eodem
1763 1642 2011 1706 spiritu:

194 1728 274 1778 hic
314 1729 408 1778 erit
445 1729 653 1793 spiritus
692 1728 950 1794 religionis
991 1732 1040 1778 et
1076 1729 1273 1778 timoris
1314 1728 1416 1787 dei;
1459 1728 1563 1777 alii
1602 1728 1814 1778 donum
1853 1742 2014 1777 cura-

195 1814 441 1874 tionum,
497 1814 600 1863 alii
653 1814 973 1863 uirtutum:
1029 1814 1110 1862 hic
1165 1815 1259 1863 erit
1308 1814 1559 1864 ualentiae
1614 1814 1845 1878 spiritus;
1909 1812 2015 1863 alii

195 1899 529 1964 prophetia,
581 1901 689 1949 alii
736 1900 1053 1950 distinctio
1103 1900 1443 1964 spirituum,
1498 1900 1602 1949 alii
1649 1914 1863 1964 genera
1906 1899 2013 1948 lin-

197 2001 457 2051 guarum,
498 1986 603 2035 alii
634 1986 1062 2051 interpretatio
1089 1986 1460 2050 linguarum:
1500 1986 1582 2035 hic
1615 1985 1710 2034 erit
1740 1984 2012 2050 agnitionis

196 2071 421 2135 spiritus,
475 2071 591 2121 uide
646 2073 931 2136 apostolum
985 2075 1035 2121 et
1086 2071 1135 2120 in
1184 2071 1539 2121 distributione
1584 2070 1811 2120 facienda
1862 2070 2013 2119 unius

196 2157 402 2221 spiritus
428 2157 548 2206 etin
582 2156 893 2221 specialitate
924 2156 1295 2221 interpretanda
1324 2155 1597 2220 prophetae
1630 2154 2013 2219 conspirantem.

194 2257 402 2305 possum
427 2242 613 2292 dicere:
646 2243 814 2306 ipsum
841 2242 969 2306 quod
1004 2241 1225 2305 corporis
1257 2241 1417 2290 nostri
1448 2256 1536 2305 per
1557 2240 1719 2289 multa
1744 2242 1792 2289 et
1816 2239 2015 2290 diuersa

196 2328 417 2378 membra
439 2328 681 2377 unitatem
710 2327 1068 2377 charismatum
1091 2327 1345 2377 uariorum
1378 2325 1663 2391 compagini
1694 2325 2013 2389 adaequauit,

197 2412 407 2463 eundem
449 2415 499 2462 et
537 2413 760 2477 corporis
795 2413 1002 2462 humani
1040 2415 1091 2462 et
1129 2412 1336 2477 spiritus
1369 2411 1530 2461 sancti
1561 2410 1819 2461 dominum
1852 2413 2015 2460 osten-

132 2507 174 2538 25
199 2496 287 2558 dit,
319 2498 405 2562 qui
434 2497 616 2547 merita
653 2497 1013 2547 charismatum
1052 2496 1273 2554 noluerit
1310 2511 1420 2545 esse
1456 2496 1506 2545 in
1548 2510 1750 2559 corpore
1790 2494 2013 2559 spiritUS,

197 2598 321 2645 quae
360 2597 450 2632 nec
487 2582 879 2647 (membrorum)
915 2582 965 2632 in
1004 2597 1210 2646 corpore
1249 2581 1465 2630 humano
1500 2580 1786 2639 collocauit,
1828 2579 1914 2643 qui
1954 2578 2013 2628 de

198 2668 464 2719 dilectione
518 2683 717 2733 quoque
771 2668 1004 2718 omnibus
1059 2667 1446 2717 charismatibus
1500 2665 1849 2730 praeponenda
1901 2680 2015 2728 apo·

339 2822 381 2875 2]
414 2821 506 2863 Ioel
537 2821 574 2870 3,
610 2822 645 2862 1.
713 2821 756 2875 8]
792 2820 884 2863 Gal.
914 2822 955 2873 4,
985 2823 1024 2863 4.
1094 2822 1137 2875 9]
1167 2820 1190 2862 Ι
1222 2819 1315 2863 Cor.
1349 2822 1387 2873 7,
1418 2821 1487 2861 29.
1549 2818 1730 2872 12—19]
1764 2818 1785 2859 Ι
1816 2818 1910 2859 Cor.
1945 2818 2010 2867 12,

197 2894 350 2936 8—10.
418 2893 471 2935 cf.
494 2894 564 2935 Es.
591 2893 655 2946 11,
680 2894 803 2935 2-3.
871 2894 944 2947 22]
976 2892 1028 2935 cf.
1059 2892 1081 2933 1
1113 2892 1207 2935 Cor.
1242 2892 1308 2939 12,
1341 2893 1407 2933 12.
1477 2891 1549 2944 27]
1584 2889 1635 2931 cf.
1667 2889 1688 2931 1
1721 2888 1813 2930 Cor.
1850 2889 1914 2941 12,
1945 2888 2013 2930 31.

256 2981 276 3021 1
312 2982 354 3021 et
383 2980 461 3021 illa
490 2979 620 3031 MR³,
653 2993 699 3020 ex
730 2979 807 3021 illa
829 2978 891 3021 121
999 2979 1024 3019 2
1056 2979 1256 3020 absoluta
1286 2979 1355 3030 (=
1389 2977 1660 3030 adimpleta),
1692 2975 1809 3016 facta
1837 2973 2015 3027 scripsi.-

198 3051 396 3093 absolute
426 3051 543 3092 facta
571 3050 681 3104 MR,
713 3050 913 3091 absoluta
943 3052 1021 3097 est,
1053 3049 1170 3091 facta
1197 3049 1300 3102 Em]
1427 3047 1692 3100 temporibus
1721 3045 1832 3095 MR,
1864 3044 2013 3103 diebus

197 3122 311 3164 Pam
327 3121 380 3163 N
433 3122 485 3163 13
501 3122 739 3176 sapientiae
755 3121 951 3174 spiritum
969 3120 1035 3169 M,
1060 3120 1259 3173 spiritum
1275 3118 1512 3172 sapientiae
1529 3117 1717 3171 Ruulyo
1776 3116 1829 3156 22
1855 3114 2013 3155 dicere:

197 3195 337 3248 ipsum
376 3193 489 3247 quod
526 3195 597 3246 (=
638 3192 690 3234 ob
728 3191 774 3233 id
811 3193 964 3246 ipsum,
1004 3191 1119 3246 quod
1155 3190 1390 3233 secundum
1426 3202 1553 3230 usum
1591 3187 1799 3237 auctoris)
1838 3185 2013 3238 scripsi:

199 3265 339 3307 dicere
361 3266 501 3319 ipsum
526 3264 710 3318 quiMR
768 3264 820 3304 24
845 3262 1038 3304 ostendit
1058 3262 1169 3311 MR,
1196 3261 1366 3303 ostendi
1387 3261 1450 3302 ecl.
1475 3260 1716 3312 Miqm‘ana
1784 3258 1836 3298 25
1861 3257 2015 3297 merita

198 3335 262 3378 R¹
283 3349 373 3390 my:
421 3335 618 3377 meritum
662 3334 780 3376 MR³
802 3334 947 3388 uulgo,
993 3334 1169 3375 meritus
1214 3332 1274 3374 R¹
1427 3330 1479 3371 26
1525 3329 1809 3370 membrorum
1855 3326 2016 3368 addidi

200 3408 254 3449 27
285 3406 526 3461 apostolum
554 3405 630 3455 12³,
660 3405 948 3459 apostolorum
980 3402 1103 3445 MR*
