2248 3646
233 229 337 279 314
606 222 796 274 Quinti
830 213 1060 277 Septimi
1091 220 1369 262 Florentis
1403 220 1735 262 Tertulliani

309 391 387 440 19.
430 390 645 450 ‘Immo‘‚
687 387 930 452 inquiunt
959 385 1314 446 Marcionitae,
1356 385 1498 436 ‘deus
1542 387 1730 449 noster,
1773 386 1870 436 etsi
1910 402 2008 437 non
2043 388 2102 437 ab

229 476 395 538 initio,
437 476 536 527 etsi
568 492 666 526 non
702 491 792 542 per
822 474 1184 535 conditionem,
1228 473 1319 523 sed
1352 490 1440 539 per
1473 474 1810 539 semetipsum
1843 475 2104 526 reuelatus

233 568 312 614 est
355 564 406 614 in
456 563 661 614 Christo
710 564 863 613 Iesu’.
920 561 1125 611 dabitur
1173 564 1224 611 et
1270 561 1319 610 in
1370 560 1635 612 Christum
1681 561 1810 612 liber
1857 561 1917 612 de
1966 563 2103 613 omni

232 654 372 702 statu
407 651 518 702 eius
553 681 621 686 ——
658 649 909 717 distingui
950 649 1084 699 enim
1125 648 1366 699 materias
1410 650 1626 713 oportet,
1670 664 1767 712 quo
1809 649 2013 714 plenius
2055 653 2107 700 et

233 739 516 790 ordinatius
551 740 893 789 retractentur
917 755 1011 787 —-:
1040 736 1243 786 interim
1277 736 1402 786 satis
1426 736 1525 788 erit
1553 736 1616 787 ad
1640 740 1961 801 praesentem
1996 754 2105 804 gra-

232 827 352 877 dum
379 829 453 878 ita
479 842 760 887 occurrere‚
789 830 848 877 ut
873 824 1141 876 ostendam
1172 823 1433 876 Christum
1462 825 1636 875 Iesum
1662 840 1760 875 non
1788 824 1999 876 alterius
2027 825 2107 876 dei

231 916 644 969 circumlatorem
687 931 839 980 quam
876 913 1137 977 creatoris,
1182 915 1233 963 et
1273 912 1480 977 quidem
1523 912 1717 978 paucis.
1760 928 1886 963 anno
1929 913 2104 979 quinto

232 1003 430 1055 decimo
478 1002 669 1054 Tiberii
711 1001 949 1053 Christus
988 1001 1136 1052 Iesus
1188 1000 1248 1051 de
1289 1001 1430 1051 caelo
1482 1016 1683 1051 manare
1726 1000 1967 1067 dignatus
2010 1004 2105 1063 est,

231 1091 447 1157 spiritus
505 1091 748 1142 salutaris
797 1089 1091 1140 Marcionis.
1156 1087 1387 1157 [salutis]
1447 1088 1534 1155 qui
1590 1089 1662 1138 ita
1717 1089 1886 1140 uoluit
1949 1093 2106 1155 quoto

231 1180 438 1245 quidem
480 1195 609 1230 anno
649 1178 894 1229 Antonini
933 1177 1142 1228 maioris
1192 1177 1252 1227 de
1292 1177 1456 1227 Ponto
1498 1192 1591 1228 suo
1634 1177 1948 1228 exhalauerit
1985 1192 2106 1227 aura

232 1268 557 1330 canicularis,
612 1284 710 1319 non
768 1268 945 1318 curaui
1000 1266 1332 1334 inuestigare.
1391 1266 1451 1316 de
1508 1281 1605 1330 quo
1661 1269 1833 1316 tamen
1889 1269 2107 1327 constat,

229 1357 606 1410 Antoninianus
647 1356 937 1406 haereticus
981 1358 1075 1416 est,
1119 1354 1213 1405 sub
1248 1354 1340 1404 Pio
1382 1354 1592 1419 impius
1645 1370 1672 1404 a
1697 1353 1899 1404 Tiberio
1932 1355 2105 1405 autem

229 1461 397 1511 usque
430 1445 492 1495 ad
524 1444 843 1495 Antoninum
877 1444 994 1493 anni
1026 1444 1128 1493 fere
1163 1446 1365 1493 centum
1411 1442 1703 1507 quindecim
1746 1445 1797 1492 et
1836 1442 2106 1492 dimidium

231 1532 347 1583 anni
395 1548 513 1583 cum
562 1530 775 1581 dimidio
825 1531 1032 1581 mensis,
1094 1529 1397 1580 tantundem
1445 1530 1693 1594 temporis
1742 1532 1938 1596 ponunt
1976 1530 2108 1580 inter

232 1619 497 1672 Christum
554 1622 606 1669 et
657 1618 992 1669 Marcionem.
1062 1633 1177 1667 cum
1232 1617 1395 1683 igitur
1449 1618 1544 1667 sub
1600 1617 1855 1667 Antonino
1910 1617 2105 1683 primus

230 1708 459 1758 Marcion
502 1708 638 1758 hunc
681 1707 835 1757 deum
875 1705 1145 1767 induxerit,
1197 1705 1335 1755 sicut
1371 1704 1726 1770 p1·obauimuS‚
1775 1705 1969 1766 statim,
2020 1706 2106 1771 qui

231 1797 386 1862 sapis
428 1796 580 1861 plana
618 1812 698 1846 res
741 1799 842 1846 est:
878 1794 1234 1861 praeiudicant
1273 1796 1505 1859 tempora
1539 1793 1674 1858 quod
1715 1794 1810 1845 sub
1851 1794 2106 1845 Antonino

229 1885 454 1949 primum
502 1883 758 1949 processit
805 1883 900 1933 sub
952 1882 1155 1932 Tiberio
1206 1899 1304 1933 non
1353 1882 1687 1947 processisse,
1735 1881 1789 1932 id
1837 1885 1915 1933 est
1956 1882 2108 1934 deum

229 1972 559 2022 Antoniniani
612 1971 818 2038 imperii
872 1971 1129 2021 Tiberiani
1191 1986 1288 2021 non
1345 1970 1525 2031 fuisse,
1591 1972 1742 2035 atque
1799 1971 1871 2021 ita
1924 1987 2023 2022 non
2081 1987 2108 2021 a

231 2059 436 2112 Christo
463 2062 752 2111 reuelatum
780 2076 929 2126 quem
967 2063 1170 2110 constat
1195 2075 1223 2109 a
1247 2059 1506 2110 Marcione
1540 2059 1702 2124 primo
1738 2060 2104 2124 praedicatum.

228 2149 324 2199 hoc
365 2164 498 2199 nunc
541 2151 598 2198 ut
638 2148 849 2213 probem
892 2150 1143 2207 constare,
1193 2147 1327 2212 quod
1370 2148 1606 2211 superest
1652 2147 1711 2197 ab
1753 2147 1881 2213 ipsis
1930 2146 2105 2198 aduer-

229 2236 377 2286 sariis
426 2252 644 2287 sumam.
710 2236 965 2301 separatio
1005 2235 1137 2302 legis
1180 2238 1231 2285 et
1271 2235 1529 2302 euangelii
1575 2235 1840 2301 proprium
1882 2238 1933 2286 et
1971 2237 2105 2300 prin-

233 2326 396 2390 cipale
437 2340 568 2390 opus
609 2327 689 2374 est
729 2325 1022 2386 Marcionis,
1071 2339 1161 2374 nec
1201 2327 1446 2389 poterunt
1484 2339 1669 2391 negare
1711 2323 1954 2390 discipuli
1995 2323 2105 2373 eius

233 2413 372 2479 quod
418 2413 468 2462 in
518 2428 722 2463 summo
771 2412 1116 2463 instrumento
1166 2411 1368 2471 hahent,
1425 2426 1523 2476 quo
1575 2411 1791 2476 denique
1839 2411 2106 2462 initia-ntur

230 2505 281 2550 et
332 2499 636 2551 indurantur
690 2500 737 2550 in
802 2501 930 2550 hanc
986 2500 1258 2550 haeresim.
1316 2516 1428 2549 nam
1487 2500 1581 2550 hae
1624 2501 1745 2549 sunt
1784 2499 2106 2550 ‘Antithesis'

228 2588 523 2645 Marcionis,
557 2588 610 2639 id
638 2593 718 2639 est
744 2589 1028 2638 contrariae
1063 2588 1436 2654 oppositioneS‚
1473 2603 1601 2652 quae
1637 2590 1884 2637 conantur
1917 2586 2105 2636 discor-

229 2677 364 2727 diam
415 2677 672 2744 euaugelii
722 2693 838 2727 cum
886 2677 1002 2744 lege
1052 2677 1390 2727 committere.
1441 2681 1498 2726 ut
1545 2692 1601 2726 ex
1649 2676 1952 2726 diuersitate
1995 2689 2103 2724 sen-

286 2923 310 2963 2
339 2935 423 2963 non
450 2935 530 2963 om.
550 2921 597 2962 F
669 2924 694 2963 4
720 2921 907 2975 distingi
924 2921 984 2962 M
1048 2922 1072 2962 9
1099 2921 1255 2962 salutis
1279 2920 1440 2962 seclusi
1462 2921 1560 2973 (per
1585 2919 1935 2973 dittoyraphiam
1958 2923 2104 2960 ortum

226 2995 422 3048 uidetur)
436 3010 449 3035 .·
485 2995 673 3036 salutem
712 2994 800 3037 Urs
924 2998 1030 3048 post
1061 2993 1297 3035 Marcionis
1327 2993 1517 3047 yrauius
1548 2992 1749 3035 distinxi.
1876 2991 2101 3045 intdleqae

229 3072 363 3122 (eum)
388 3069 462 3123 qui
485 3068 550 3109 ita
580 3068 736 3115 uoluit,
768 3067 862 3109 scil.
886 3066 1190 3118 Marcionem,-
1215 3066 1354 3108 deleri
1383 3065 1491 3107 haec
1520 3066 1667 3108 uoluit
1698 3064 1808 3107 Scal
1914 3065 1965 3107 10
1997 3078 2103 3106 aura

229 3143 305 3194 13³,
338 3143 440 3185 aula
471 3141 590 3183 MR¹
684 3142 736 3183 12
776 3140 1103 3182 Antoninianus
1141 3139 1247 3182 Gel:
1284 3139 1519 3180 antoninus
1553 3139 1652 3181 MR
1736 3139 1796 3181 ‚14
1819 3137 2102 3181 *tantundem

227 3217 288 3258 M
376 3217 427 3258 15
460 3216 672 3258 Marcion.
706 3228 801 3256 cum
828 3213 888 3255 M
976 3215 1027 3255 19
1059 3213 1348 3254 Antoniniani
1372 3212 1484 3268 Rz‘9:
1519 3212 1721 3254 antonini
1744 3212 1846 3255 MR
1935 3212 1990 3258 20
2014 3212 2102 3266 pri-

227 3303 297 3331 mo
316 3287 449 3338 MR1‚
466 3289 653 3343 primum
674 3286 738 3330 R3
814 3287 862 3329 21
887 3290 936 3327 ut
954 3285 1223 3337 (concessiue
1237 3285 1597 3340 intelleyendum)
1616 3285 1772 3340 probes
1778 3286 1893 3339 fort.
1986 3283 2102 3338 quod

228 3376 310 3405 om.
343 3362 399 3404 M
504 3362 559 3403 25
592 3360 853 3403 indurantur
882 3358 1063 3408 MGR³‚
1112 3359 1364 3401 indicantur
1401 3357 1479 3412 R1,
1518 3357 1785 3400 inducantur
1821 3357 1870 3399 F
1986 3357 2099 3398 anti-

228 3436 367 3477 thesis
401 3435 512 3485 MF,
548 3434 790 3476 antitheses
823 3434 866 3476 R
896 3434 1031 3488 uulgo
1066 3435 1146 3486 (sic
1177 3433 1354 3488 ubique)
1444 3433 1498 3474 27
1533 3432 1753 3487 euangelii
1785 3445 1866 3476 om.
1900 3431 1963 3475 R1

2140 1195 2179 1223 10

2144 1634 2179 1665 15

2140 2073 2180 2104 20

2137 2512 2178 2543 25
