2248 3646
574 190 666 231 VII.
698 190 960 232 Aduersus
991 191 1302 232 Marcionem
1335 192 1407 232 lib.
1441 192 1460 231 I
1491 192 1614 233 8-9.
1909 196 2005 244 301

202 361 308 393 aras
360 345 676 408 prostitutaS,
717 345 804 394 sed
846 345 1014 395 Attica
1050 346 1282 395 idolatria
1327 350 1415 396 est.
1468 347 1588 396 item
1635 348 1837 397 incertis
1888 349 2005 408 cleis,

200 430 284 481 sed
325 429 616 492 superstitio
661 429 885 479 Romana
924 433 1015 479 est.
1060 446 1204 494 porro
1251 431 1424 480 incerti
1465 431 1544 481 dei
1583 432 1747 482 minus
1785 433 1905 494 noti,
1952 438 2009 482 ut

198 515 362 564 minus
395 513 532 574 certi,
575 515 624 563 et
659 513 863 577 proinde
894 514 1069 578 ignoti,
1111 530 1207 578 qua
1246 515 1411 564 minus
1445 515 1579 567 certi.
1622 532 1769 580 quem
1800 517 2006 566 titulum

196 599 474 648 incidemus
524 613 577 647 ex
623 598 820 647 duobus
876 598 965 647 deo
1019 598 1321 648 Marcionis?
1381 602 1666 663 utrumque,
1721 602 1907 663 opinor,
1961 606 2009 650 et

152 704 170 733 5
197 699 324 733 nunc
370 684 556 732 incerto
606 684 655 732 et
698 684 828 731 retro
874 682 1061 747 ignotO.
1110 683 1244 734 sicut
1288 684 1416 732 enim
1463 684 1691 749 ignotum
1739 701 1851 735 eum
1892 686 2010 739 fecit

197 769 317 818 deus
356 771 521 829 notus,
562 771 766 828 creator,
806 769 876 817 ita
915 770 965 817 et
1000 769 1246 817 incertum
1280 769 1401 818 deus
1436 772 1617 819 certus.
1653 770 1738 819 sed
1771 787 1865 820 non
1900 787 2002 820 eua-

196 854 363 918 gabor‚
403 855 478 902 uti
518 853 702 902 dicam:
755 853 877 902 deus
919 854 959 902 si
1000 854 1202 918 ignotus
1242 854 1340 903 fuit
1375 855 1641 918 latuitque,
1687 855 1832 905 illum
1870 857 2005 921 regio

192 939 494 988 latebrarum
550 938 886 998 obumbrauit,
948 953 1078 987 noua
1131 939 1303 1003 utique
1369 942 1417 988 et
1468 940 1578 1003 ipsa
1631 943 1680 989 et
1734 941 1905 1005 ignota
1959 945 2008 989 et

195 1024 426 1073 similiter
469 1039 596 1072 nunc
638 1039 835 1088 quoque
874 1024 1077 1084 incerta,
1127 1027 1257 1073 certe
1297 1026 1521 1073 inmensa
1559 1025 1725 1088 aliqua
1764 1028 1813 1074 et
1851 1026 2007 1075 maior

125 1130 161 1158 10
192 1109 472 1158 indubitate
505 1124 581 1167 eo,
609 1124 754 1172 quem
788 1109 1061 1159 abscondit.
1096 1109 1181 1159 sed
1213 1110 1431 1159 breuiter
1455 1125 1726 1174 proponam
1754 1115 1805 1160 et
1827 1112 2008 1175 plenis-

192 1194 315 1243 sime
350 1209 579 1257 exequar,
613 1195 951 1258 praescribens
986 1194 1133 1243 deum
1163 1195 1381 1259 ignorari
1413 1210 1502 1244 nec
1539 1196 1767 1259 potuisse
1805 1197 2003 1245 nomine

192 1280 551 1345 magnitudinis
591 1294 682 1329 nec
721 1280 953 1330 debuisse
1000 1281 1197 1330 nomine
1235 1281 1577 1345 benignitatiS,
1623 1283 1914 1345 praesertim
1955 1283 2003 1331 in

190 1368 401 1428 utroque
446 1365 791 1428 praelatiorem
845 1368 1015 1415 nostro
1071 1368 1304 1415 creatore.
1361 1366 1448 1415 sed
1501 1367 1734 1429 quoniam
1789 1367 2004 1417 animad-

190 1453 329 1499 uerto
375 1450 423 1498 in
472 1450 774 1514 quibusdam
822 1450 881 1499 ad
932 1450 1141 1499 formam
1189 1450 1425 1500 creatoris
1472 1452 1732 1515 prouocari
1779 1455 2004 1516 oportere

124 1554 157 1581 15
191 1535 350 1584 omnis
384 1534 461 1584 dei
492 1534 611 1584 noui
644 1537 693 1584 et
722 1538 852 1585 retro
886 1535 1042 1600 ignoti
1074 1535 1434 1599 probationem,
1474 1536 1568 1586 hoc
1605 1536 1772 1599 ipsum
1812 1538 2004 1586 ratione

189 1619 293 1668 fieri
334 1636 360 1668 a
398 1619 542 1669 nobis
583 1620 719 1683 prius
761 1620 1106 1669 commendare
1146 1620 1350 1681 debebo,
1399 1636 1494 1684 quo
1544 1622 1853 1672 constantius
1893 1627 2005 1672 utar

189 1705 395 1754 rationis
443 1705 604 1754 editae
651 1706 941 1769 patrocinio,
996 1708 1106 1754 ante
1156 1706 1322 1754 omnia
1368 1706 1569 1769 quidem
1617 1708 1762 1770 quale
1809 1710 1902 1768 est,
1949 1711 2006 1756 ut

190 1791 273 1853 qui
314 1790 459 1840 deum
501 1791 731 1856 agnoscis
773 1793 1042 1840 creatorem
1083 1793 1134 1862 et
1168 1791 1382 1854 priorem
1416 1792 1474 1841 de
1514 1792 1694 1842 notitia
1733 1793 2000 1853 confiteri&

187 1891 281 1925 non
328 1876 518 1926 eisdem
565 1876 727 1925 modis
767 1879 816 1925 et
862 1877 1015 1925 alium
1062 1877 1191 1927 scias
1237 1877 1330 1926 tibi
1376 1877 1770 1938 examinandum,
1819 1878 2000 1942 quibus

118 1980 158 2010 20
187 1961 286 2010 iam
324 1962 374 2010 in
416 1962 511 2011 alio
560 1961 781 2012 didicisti
822 1962 970 2011 deum
1017 1966 1197 2012 nosse?
1247 1963 1406 2011 omnis
1451 1979 1529 2012 res
1580 1964 1792 2013 anterior
1837 1967 2000 2028 poste-

188 2046 304 2096 riori
362 2062 585 2097 normam
652 2047 1090 2112 praeministrauit.
1161 2047 1255 2097 duo
1319 2063 1448 2097 nunc
1502 2048 1581 2098 dei
1639 2051 2000 2113 proponuntur,

187 2132 388 2197 ignotus
436 2135 485 2181 et
529 2137 697 2182 notus
745 2133 804 2182 de
843 2136 960 2183 noto
999 2136 1147 2183 uacat
1185 2135 1428 2198 quaestio.
1479 2150 1588 2184 esse
1629 2150 1740 2184 eum
1788 2139 1999 2194 constat,

190 2217 305 2280 quia
342 2220 490 2267 notus
530 2234 626 2267 non
665 2217 849 2268 fuisset
884 2218 982 2268 nisi
1021 2220 1169 2268 esset.
1219 2219 1278 2268 de
1316 2219 1487 2284 ignoto
1534 2220 1690 2269 instat
1726 2220 1998 2270 altercatio.

187 2305 354 2366 potest
377 2303 505 2352 enim
542 2305 591 2352 et
622 2318 716 2352 non
750 2318 877 2364 esse,
913 2303 1029 2367 quia
1061 2304 1104 2353 si
1135 2307 1285 2364 esset,
1311 2307 1459 2354 notus
1490 2305 1687 2355 fuisset.
1720 2305 1851 2368 quod
1884 2321 1998 2370 ergo

116 2405 157 2435 25
189 2388 457 2449 quaeritur,
497 2388 736 2451 quamdiu
774 2389 1048 2453 ignoratur,
1086 2390 1135 2438 in
1173 2390 1360 2439 incerto
1401 2393 1493 2451 est,
1535 2390 1771 2454 quamdiu
1812 2391 1999 2453 quaeri—

188 2477 283 2533 tur,
326 2477 375 2523 et
411 2477 581 2537 potest
619 2491 714 2525 non
755 2490 882 2535 esse,
923 2475 1164 2538 quamdiu
1203 2476 1250 2524 in
1290 2476 1476 2525 incerto
1518 2479 1608 2526 est.
1652 2476 1804 2525 habes
1852 2476 1996 2524 deum

192 2562 400 2618 certum,
456 2575 553 2622 qua
605 2561 796 2619 notum,
851 2562 900 2609 et
950 2560 1212 2622 incertum,
1269 2577 1365 2624 qua
1407 2560 1650 2626 ignotum.
1705 2561 1746 2611 si
1789 2561 1860 2609 ita
1906 2563 1996 2620 est,

188 2644 368 2707 ecquid
413 2644 504 2694 tibi
552 2645 754 2694 uidetur
797 2645 932 2695 iusta
975 2645 1163 2695 ratione
1212 2642 1426 2706 defendi,
1473 2648 1531 2695 ut
1575 2646 1636 2694 ad
1682 2661 1901 2695 normam
1951 2649 1999 2694 et

247 2821 264 2860 1
300 2794 545 2861 idolatriast
582 2821 640 2861 M
675 2824 713 2871 (e
750 2835 782 2864 8.
820 2835 863 2864 u.
906 2835 934 2862 a
970 2835 1024 2862 m.
1061 2823 1100 2873 1>
1217 2821 1308 2862 deis
1345 2821 1410 2874 M,
1449 2821 1530 2862 diis
1560 2822 1603 2862 R
1688 2822 1714 2863 4
1754 2835 1801 2863 ex
1831 2822 1996 2863 duobus

186 2912 267 2952 diis
290 2913 336 2953 F
421 2914 472 2955 10
496 2913 741 2956 indubitate
765 2914 831 2967 M,
856 2914 1101 2955 indubitato
1125 2913 1169 2956 R
1249 2915 1299 2955 13
1322 2914 1630 2968 praelationem
1653 2914 1711 2955 M
1730 2918 1855 2964 (corr.
1880 2929 1933 2956 m.
1958 2919 1996 2966 1)

190 2983 239 3023 19
273 2985 399 3025 alium
433 2987 476 3038 (u
509 2999 560 3027 ex
591 3000 613 3026 a
645 2999 674 3027 a
703 2999 755 3029 m.
787 2988 826 3038 1)
856 2985 915 3025 Μ
1025 2985 1079 3026 20
1117 2985 1306 3026 didicisti
1335 2984 1409 3035 R3,
1448 2984 1659 3046 didicistis
1688 2985 1746 3026 M
1779 2988 1814 3038 (s
1852 2988 1997 3039 eras),

188 3051 399 3121 didicis-tis
429 3055 491 3098 R¹
633 3057 686 3098 25
725 3056 893 3112 quando
929 3056 1152 3110 ignoratur
1187 3065 1276 3097 van
1313 3056 1405 3120 der-
1424 3056 1538 3097 Vliet
1649 3056 1694 3096 in
1739 3056 1901 3098 incerto
1939 3057 1995 3109 R,

188 3134 350 3213 incerti}
373 3163 430 3203 M
454 3165 579 3216 (corr.
610 3177 662 3205 m.
689 3166 727 3215 1)
813 3163 866 3204 26
897 3163 939 3204 in
971 3164 1133 3204 incerto
1158 3162 1213 3216 R,
1244 3135 1405 3227 in—certij
1429 3163 1487 3203 M
1505 3166 1631 3215 (corr.
1655 3177 1708 3204 m.
1731 3167 1770 3214 1)
1857 3164 1909 3204 27
1935 3164 1996 3204 ita

190 3236 256 3274 est
284 3233 343 3274 M
366 3234 463 3287 (del.
497 3237 562 3275 est
590 3248 642 3278 m.
676 3237 706 3275 2
735 3238 775 3275 et
805 3234 1038 3287 adscripsit
1066 3234 1258 3286 maryim'
1289 3234 1306 3273 f
1334 3254 1385 3268 =
1417 3237 1532 3283 sunt)
1657 3233 1710 3275 28
1749 3234 1902 3287 ecquid
1939 3234 1994 3285 R,

188 3303 295 3344 haec
325 3304 427 3358 quid
456 3306 557 3347 MF
