2248 3646
519 289 573 329 ΙΙ.
608 290 677 329 De
711 288 894 330 Carnis
926 289 993 329 Re
1013 289 1342 330 surrectione
1373 290 1551 331 26—28.
1883 295 1945 343 65

140 445 416 509 receptorii,
456 444 546 493 nisi
590 445 705 508 quia
743 444 789 493 in
832 444 969 493 cellis
1003 444 1189 508 promis
1230 458 1340 492 caro
1383 444 1529 492 salita
1570 446 1618 493 et
1656 445 1770 493 usui
1810 460 1946 509 repo-

141 530 237 579 sita
277 532 519 580 seruatur.
570 529 902 593 depromenda
947 529 1085 578 illinc
1133 544 1221 578 suo
1262 531 1517 591 tempore?
1565 529 1768 593 proinde
1817 530 1946 578 enim

141 618 189 664 et
256 629 458 678 corpora
517 614 763 663 medicata
824 614 1153 663 condimentis
1215 614 1504 675 sepulturae
1565 614 1836 663 mausoleis
1899 617 1948 663 et

138 699 472 748 monumentis
507 701 898 763 sequestrantur,
939 713 1232 762 processura
1262 697 1373 747 inde
1407 713 1519 747 cum
1552 699 1755 748 iusserit
1796 699 1947 749 domi-

90 807 108 835 5
140 800 245 834 nus.
286 783 417 847 quod
457 799 568 832 cum
609 784 680 832 ita
718 784 943 848 intellegi
984 786 1241 848 congruat.
1284 813 1347 817 —
1383 798 1566 847 ecquae
1607 784 1735 832 enim
1779 784 1836 833 ab
1876 784 1947 833 ira

139 870 216 918 dei
255 868 561 918 cellariorum
603 884 692 918 nos
723 868 917 932 refugia
956 867 1259 916 seruabunt‘?
1300 897 1366 902 —
1400 867 1492 916 hoc
1535 868 1640 931 ipso
1683 868 1813 930 quod
1855 868 1945 917 ait:

139 955 332 1003 donec
385 954 476 1002 ira
528 956 903 1017 praetereat.
953 968 1077 1016 quae
1127 953 1383 1018 extinguet
1422 953 1793 1004 antichristum.
1834 955 1948 1016 post

135 1041 254 1088 iram
290 1039 508 1089 ostendit
537 1054 882 1102 processuram
911 1053 1103 1087 carnem
1133 1038 1190 1086 de
1217 1038 1459 1101 sepulcro,
1486 1038 1534 1087 in
1561 1054 1656 1101 quo
1690 1041 1800 1088 ante
1825 1038 1944 1087 iram

137 1126 285 1175 fuerit
316 1125 482 1174 inlata.
517 1140 625 1173 nam
664 1127 712 1172 et
744 1125 802 1173 de
837 1123 1051 1173 cellariis
1085 1139 1178 1173 non
1215 1123 1349 1172 aliud
1383 1124 1599 1173 effertur.
1635 1139 1781 1188 quam
1817 1124 1948 1188 quod

69 1231 105 1261 ιο
135 1211 358 1260 infertur.
388 1212 436 1259 et
460 1213 575 1273 post
599 1209 879 1259 antichristi
908 1209 1294 1258 eradicationem
1327 1209 1602 1274 agitabitur
1632 1209 1944 1258 resurrectio

208 1296 286 1345 28.
328 1295 523 1345 Scimus
563 1298 732 1344 autem
779 1294 910 1344 sicut
951 1297 999 1342 et
1044 1294 1255 1343 uocibus
1293 1294 1363 1343 ita
1405 1296 1454 1343 et
1497 1294 1646 1344 rebus
1686 1295 1945 1358 propheta-

134 1385 264 1439 tum3
310 1385 414 1429 tam
461 1379 607 1429 dictis
655 1395 803 1443 quam
852 1382 900 1428 et
944 1380 1090 1428 factis
1130 1378 1443 1442 praedicatur
1480 1379 1790 1428 resurrectio.
1832 1394 1944 1428 cum

135 1466 334 1530 Moyses
375 1480 573 1513 manum
614 1465 663 1513 in
705 1465 867 1521 sinum
911 1464 1079 1514 condit
1119 1467 1167 1513 et
1214 1467 1491 1513 emortuam
1531 1465 1718 1528 profert
1758 1468 1806 1513 et
1842 1480 1948 1514 rur-

137 1566 222 1599 sus
262 1550 483 1598 i1,sinuat
522 1552 570 1598 et
608 1549 830 1598 uiuidam
881 1549 1107 1613 explicat.
1155 1563 1313 1598 nonne
1360 1550 1452 1598 hoc
1499 1549 1556 1598 de
1596 1552 1701 1599 tcto
1749 1549 1946 1599 homine

68 1660 103 1688 ιε,
136 1635 419 1700 portendit?
475 1634 722 1697 siquidem
785 1634 912 1683 trina
964 1634 1126 1682 uirtus
1189 1634 1267 1683 dei
1326 1649 1414 1697 per
1470 1634 1558 1682 illa
1617 1634 1744 1683 trina
1804 1635 1947 1699 signa

136 1720 464 1769 denotabatur
495 1735 608 1769 cum
643 1734 733 1768 suo
769 1719 952 1778 ordine,
986 1719 1144 1782 primo
1179 1718 1431 1768 diabolum
1465 1722 1743 1783 serpentem
1779 1734 1946 1785 quam-

135 1821 279 1870 quam
320 1804 688 1854 formidabilem
728 1804 998 1852 subactura
1035 1803 1240 1863 homini,
1283 1803 1460 1853 dehinc
1499 1818 1694 1853 carnem
1735 1804 1792 1853 de
1834 1805 1943 1854 sinu

134 1891 308 1939 mortis
341 1892 628 1949 retractura,
671 1892 819 1952 atque
858 1889 928 1937 ita
960 1904 1155 1959 omnem
1190 1889 1483 1954 sanguinem
1525 1892 1791 1939 executura
1820 1889 1944 1938 iudi-

136 1976 225 2025 cio.
259 1975 317 2024 de
351 1989 446 2038 quo
481 1974 611 2037 apud
644 1974 852 2023 eundem
886 1974 1184 2036 propheten:
1226 1974 1517 2037 quoniam
1554 1978 1614 2024 et
1645 1977 1942 2036 uestrum,

64 2059 295 2123 20inquit
348 2059 486 2119 deus,
542 2059 920 2123 sanguinem
981 2060 1303 2123 exquiram
1373 2059 1440 2109 de
1503 2059 1796 2109 omnibus
1851 2060 1941 2109 be-

133 2145 301 2195 stiis
337 2146 396 2193 et
428 2143 495 2192 de
528 2159 705 2192 manu
746 2143 1024 2193 hominis
1059 2147 1120 2193 et
1152 2144 1220 2193 de
1252 2160 1432 2193 manu
1464 2145 1692 2193 fratris
1734 2146 1944 2209 exqui-

131 2246 256 2280 ram
297 2245 444 2279 eum.
489 2244 634 2292 porro
674 2229 800 2279 nihil
847 2229 1121 2292 exquiritur
1165 2230 1261 2279 nisi
1308 2230 1438 2293 quod
1476 2231 1773 2294 reposcitur,
1819 2230 1942 2280 nihil

131 2315 410 2380 reposcitur
461 2315 558 2363 nisi
613 2314 745 2378 quod
799 2318 847 2364 et
898 2314 1145 2377 reddetur,
1199 2318 1246 2364 et
1299 2315 1471 2379 utique
1524 2315 1760 2364 reddetur
1811 2315 1944 2379 quod

132 2400 336 2450 ultionis
368 2400 567 2449 nomine
598 2401 889 2462 reposcetur
929 2403 977 2449 et
1017 2401 1316 2463 exquiretur.
1349 2416 1506 2464 neque
1542 2401 1670 2449 enim
1704 2401 1940 2450 uindicari

63 2510 102 2540 25
133 2485 319 2548 poterit
357 2484 490 2548 quod
531 2485 728 2533 omnino
775 2500 870 2535 non
909 2485 1076 2534 fuerit.
1126 2486 1218 2534 erit
1258 2490 1441 2545 autem,
1482 2486 1599 2535 dum
1640 2486 1942 2543 restituitur,

133 2570 207 2619 uti
237 2569 533 2619 uindicetur.
566 2570 615 2618 in
642 2584 836 2619 carnem
862 2571 1030 2633 itaque
1058 2570 1287 2635 dirigitur
1312 2571 1551 2635 quicquid
1575 2572 1622 2620 in
1650 2571 1944 2635 sanguinem

130 2655 459 2720 praedicatur.
508 2655 612 2703 sine
662 2670 757 2718 qua
797 2670 891 2704 non
931 2655 1025 2704 erit
1071 2656 1289 2720 sanguis.
1339 2671 1447 2705 caro
1496 2656 1842 2715 suscitabitur,
1888 2658 1945 2704 ut

132 2740 337 2804 sanguis
370 2739 669 2788 uindicetur.
703 2743 819 2790 sunt
851 2743 900 2789 et
933 2740 1170 2804 quaedam
1205 2741 1275 2790 ita
1306 2742 1640 2804 pronuntiata,
1673 2741 1731 2789 ut
1761 2741 1944 2806 allego-

130 2826 229 2874 riae
263 2825 460 2889 quidem
494 2825 665 2874 nubilo
700 2828 912 2876 careant,
955 2826 1281 2875 nihilominus
1313 2828 1477 2875 tamen
1509 2827 1673 2891 ipsius
1706 2825 1942 2889 simplici-

272 2965 310 3019 7]
343 2965 414 3006 Es.
447 2965 513 3016 26,
545 2965 610 3006 20.
729 2966 798 3019 13]
833 2966 883 3009 cf.
917 2965 1044 3006 Exod.
1077 2967 1115 3019 4,
1148 2968 1270 3008 6—7.
1389 2966 1458 3020 15]
1491 2966 1541 3007 ef.
1574 2954 1703 3007 Exod.
1743 2966 1781 3007 4.
1816 2965 1939 3005 2-9,

135 3024 203 3089 is]
235 3035 338 3077 Gen.
370 3036 408 3088 9,
441 3038 478 3076 5.

185 3122 212 3162 4
236 3122 555 3173 sequestrentur
577 3120 619 3160 B
706 3122 730 3162 5
756 3133 913 3174 ecquae
944 3121 1170 3163 Oehlerus:
1195 3123 1238 3163 et
1263 3135 1369 3174 quae
1396 3121 1537 3162 PMF
1620 3122 1643 3162 6
1669 3134 1750 3174 quo
1777 3120 1838 3160 ait
1865 3119 1940 3160 CF

132 3192 157 3233 8
174 3190 407 3245 sepulchris
425 3190 469 3230 in
487 3203 594 3244 quae
617 3190 695 3232 Gez
772 3192 819 3232 11
847 3193 959 3233 sicut
985 3195 1027 3232 et
1050 3191 1159 3239 ΜΡ,
1185 3193 1294 3233 sicut
1316 3192 1357 3232 P
1378 3193 1509 3245 uulgo
1592 3192 1642 3233 13
1667 3194 1875 3232 mortuam
1901 3189 1945 3230 F

135 3263 186 3303 15
208 3261 439 3315 portendit.
464 3261 672 3313 siquidem
698 3264 828 3316 uulyo
913 3264 961 3304 16
986 3263 1216 3304 notabatur
1242 3263 1322 3305 Get
1402 3264 1451 3304 18
1476 3263 1633 3304 iudicio
1659 3266 1884 3304 executura
1901 3261 1947 3302 F

135 3333 185 3373 19
215 3331 474 3386 prophetam.
495 3331 542 3372 F
625 3333 676 3373 26
708 3333 771 3373 uti
796 3345 876 3373 om.
902 3333 944 3373 P
967 3333 1088 3386 (add.
1113 3334 1155 3376 R
1178 3347 1229 3375 eae
1251 3334 1579 3387 Hirsauqz'e‘nsi)
1698 3346 1862 3373 carnem
1889 3332 1940 3384 P,

134 3416 255 3443 carne
271 3402 372 3443 ΜΡ
454 3403 658 3455 sanguine
675 3403 722 3444 F
791 3405 842 3444 27
862 3407 910 3445 ut
926 3417 1004 3445 om.
1019 3404 1119 3445 ΜΡ
1186 3405 1239 3446 28
1259 3405 1489 3458 allegoriae
1502 3405 1554 3455 P,
1573 3404 1827 3457 allegoricae
1845 3403 1946 3444 MF

174 3502 383 3532 xxxxvn.
408 3502 503 3533 'ren-t.
527 3503 594 3533 111.
1863 3486 1888 3526 5
