<?xml version="1.0" encoding="UTF-8"?>
<!DOCTYPE html PUBLIC "-//W3C//DTD XHTML 1.0 Transitional//EN"
    "http://www.w3.org/TR/xhtml1/DTD/xhtml1-transitional.dtd">
<html xmlns="http://www.w3.org/1999/xhtml" xml:lang="en" lang="en">
 <head>
  <title>
</title>
<meta http-equiv="Content-Type" content="text/html;charset=utf-8" />
  <meta name='ocr-system' content='tesseract 3.04.00' />
  <meta name='ocr-capabilities' content='ocr_page ocr_carea ocr_par ocr_line ocrx_word'/>
</head>
<body>
  <div class='ocr_page' id='page_1' title='image "./quintiseptimiflo47tertuoft_0150.png"; bbox 0 0 2248 3646; ppageno 0'>
   <div class='ocr_carea' id='block_1_1' title="bbox 172 268 1676 324">
    <p class='ocr_par' dir='ltr' id='par_1_1' title="bbox 172 268 1676 324">
     <span class='ocr_line' id='line_1_1' title="bbox 172 268 1676 324; baseline 0.001 -15"><span class='ocrx_word' id='word_1_1' title='bbox 172 274 272 322; x_wconf 83' lang='lat'>110</span> <span class='ocrx_word' id='word_1_2' title='bbox 536 268 724 320; x_wconf 79' lang='lat' dir='ltr'>Quinti</span> <span class='ocrx_word' id='word_1_3' title='bbox 760 268 991 324; x_wconf 77' lang='lat' dir='ltr'>Septimi</span> <span class='ocrx_word' id='word_1_4' title='bbox 1023 268 1303 310; x_wconf 82' lang='lat' dir='ltr'>Florentis</span> <span class='ocrx_word' id='word_1_5' title='bbox 1338 268 1676 311; x_wconf 74' lang='lat' dir='ltr'>Tertulliani</span> 
     </span>
    </p>
   </div>
   <div class='ocr_carea' id='block_1_2' title="bbox 167 429 2128 2780">
    <p class='ocr_par' dir='ltr' id='par_1_2' title="bbox 167 429 2128 2780">
     <span class='ocr_line' id='line_1_2' title="bbox 170 429 2043 495; baseline 0.001 -14"><span class='ocrx_word' id='word_1_6' title='bbox 170 447 198 481; x_wconf 88' lang='lat' dir='ltr'>a</span> <span class='ocrx_word' id='word_1_7' title='bbox 246 430 339 482; x_wconf 89' lang='lat' dir='ltr'>deo</span> <span class='ocrx_word' id='word_1_8' title='bbox 402 445 500 480; x_wconf 92' lang='lat' dir='ltr'>non</span> <span class='ocrx_word' id='word_1_9' title='bbox 573 432 673 494; x_wconf 81' lang='lat' dir='ltr'>est3</span> <span class='ocrx_word' id='word_1_10' title='bbox 737 432 1022 495; x_wconf 71' lang='lat' dir='ltr'>proponant</span> <span class='ocrx_word' id='word_1_11' title='bbox 1085 429 1428 495; x_wconf 73' lang='lat' dir='ltr'>corruptelam</span> <span class='ocrx_word' id='word_1_12' title='bbox 1494 430 1603 480; x_wconf 89' lang='lat' dir='ltr'>eius</span> <span class='ocrx_word' id='word_1_13' title='bbox 1667 434 1715 481; x_wconf 89' lang='lat' dir='ltr'>et</span> <span class='ocrx_word' id='word_1_14' title='bbox 1778 431 2043 483; x_wconf 87' lang='lat' dir='ltr'>dedecora-</span> 
     </span>
     <span class='ocr_line' id='line_1_3' title="bbox 168 516 2041 588; baseline 0.001 -20"><span class='ocrx_word' id='word_1_15' title='bbox 168 518 359 568; x_wconf 90' lang='lat' dir='ltr'>tionem</span> <span class='ocrx_word' id='word_1_16' title='bbox 403 517 505 583; x_wconf 80' lang='lat' dir='ltr'>(et.)</span> <span class='ocrx_word' id='word_1_17' title='bbox 544 516 913 581; x_wconf 82' lang='lat' dir='ltr'>infirmitatem,</span> <span class='ocrx_word' id='word_1_18' title='bbox 970 519 1027 567; x_wconf 89' lang='lat' dir='ltr'>ut</span> <span class='ocrx_word' id='word_1_19' title='bbox 1082 516 1247 582; x_wconf 87' lang='lat' dir='ltr'>ipsius</span> <span class='ocrx_word' id='word_1_20' title='bbox 1307 517 1376 567; x_wconf 86' lang='lat' dir='ltr'>sit</span> <span class='ocrx_word' id='word_1_21' title='bbox 1437 518 1592 568; x_wconf 87' lang='lat' dir='ltr'>etiam</span> <span class='ocrx_word' id='word_1_22' title='bbox 1641 534 1947 588; x_wconf 81' lang='lat' dir='ltr'>consurgere</span> <span class='ocrx_word' id='word_1_23' title='bbox 1993 520 2041 570; x_wconf 92' lang='lat' dir='ltr'>in</span> 
     </span>
     <span class='ocr_line' id='line_1_4' title="bbox 167 604 2042 671; baseline 0.001 -16"><span class='ocrx_word' id='word_1_24' title='bbox 167 604 568 671; x_wconf 76' lang='lat' dir='ltr'>incorruptelam</span> <span class='ocrx_word' id='word_1_25' title='bbox 635 607 685 655; x_wconf 87' lang='lat' dir='ltr'>et</span> <span class='ocrx_word' id='word_1_26' title='bbox 739 604 786 654; x_wconf 91' lang='lat' dir='ltr'>in</span> <span class='ocrx_word' id='word_1_27' title='bbox 847 604 1062 671; x_wconf 80' lang='lat' dir='ltr'>gloriam</span> <span class='ocrx_word' id='word_1_28' title='bbox 1121 606 1169 655; x_wconf 86' lang='lat' dir='ltr'>et</span> <span class='ocrx_word' id='word_1_29' title='bbox 1224 605 1274 654; x_wconf 92' lang='lat' dir='ltr'>in</span> <span class='ocrx_word' id='word_1_30' title='bbox 1337 605 1599 656; x_wconf 82' lang='lat' dir='ltr'>uirtutem.</span> <span class='ocrx_word' id='word_1_31' title='bbox 1655 606 1742 657; x_wconf 87' lang='lat' dir='ltr'>sed</span> <span class='ocrx_word' id='word_1_32' title='bbox 1800 607 1932 657; x_wconf 86' lang='lat' dir='ltr'>enirn</span> <span class='ocrx_word' id='word_1_33' title='bbox 1994 608 2042 657; x_wconf 91' lang='lat' dir='ltr'>in</span> 
     </span>
     <span class='ocr_line' id='line_1_5' title="bbox 168 691 2045 759; baseline 0.002 -17"><span class='ocrx_word' id='word_1_34' title='bbox 168 692 376 754; x_wconf 78' lang='lat' dir='ltr'>LazarO,</span> <span class='ocrx_word' id='word_1_35' title='bbox 418 691 694 759; x_wconf 86' lang='lat' dir='ltr'>praecipuo</span> <span class='ocrx_word' id='word_1_36' title='bbox 736 691 1127 742; x_wconf 83' lang='lat' dir='ltr'>resurrectionis</span> <span class='ocrx_word' id='word_1_37' title='bbox 1171 693 1419 758; x_wconf 83' lang='lat' dir='ltr'>exemplo,</span> <span class='ocrx_word' id='word_1_38' title='bbox 1470 707 1585 743; x_wconf 83' lang='lat' dir='ltr'>caro</span> <span class='ocrx_word' id='word_1_39' title='bbox 1625 693 1786 745; x_wconf 82' lang='lat' dir='ltr'>iacuit-</span> <span class='ocrx_word' id='word_1_40' title='bbox 1823 694 1873 744; x_wconf 90' lang='lat' dir='ltr'>in</span> <span class='ocrx_word' id='word_1_41' title='bbox 1913 694 2045 745; x_wconf 87' lang='lat' dir='ltr'>infir-</span> 
     </span>
     <span class='ocr_line' id='line_1_6' title="bbox 169 779 2119 845; baseline 0.001 -15"><span class='ocrx_word' id='word_1_42' title='bbox 169 780 366 842; x_wconf 83' lang='lat' dir='ltr'>mitate,</span> <span class='ocrx_word' id='word_1_43' title='bbox 408 795 524 830; x_wconf 85' lang='lat' dir='ltr'>caro</span> <span class='ocrx_word' id='word_1_44' title='bbox 565 795 724 845; x_wconf 89' lang='lat' dir='ltr'>paene</span> <span class='ocrx_word' id='word_1_45' title='bbox 767 779 1084 844; x_wconf 87' lang='lat' dir='ltr'>computruit</span> <span class='ocrx_word' id='word_1_46' title='bbox 1116 779 1163 829; x_wconf 93' lang='lat' dir='ltr'>in</span> <span class='ocrx_word' id='word_1_47' title='bbox 1199 779 1661 843; x_wconf 74' lang='lat' dir='ltr'>dedecorationem,</span> <span class='ocrx_word' id='word_1_48' title='bbox 1696 796 1810 832; x_wconf 89' lang='lat' dir='ltr'>caro</span> <span class='ocrx_word' id='word_1_49' title='bbox 1842 782 2045 832; x_wconf 76' lang='lat' dir='ltr'>interim</span> <span class='ocrx_word' id='word_1_50' title='bbox 2102 796 2119 825; x_wconf 73' lang='lat'>5</span> 
     </span>
     <span class='ocr_line' id='line_1_7' title="bbox 170 866 2046 934; baseline 0 -16"><span class='ocrx_word' id='word_1_51' title='bbox 170 868 348 934; x_wconf 86' lang='lat' dir='ltr'>putuit</span> <span class='ocrx_word' id='word_1_52' title='bbox 411 866 459 918; x_wconf 86' lang='lat' dir='ltr'>in</span> <span class='ocrx_word' id='word_1_53' title='bbox 524 867 924 934; x_wconf 78' lang='lat' dir='ltr'>corruptionem,</span> <span class='ocrx_word' id='word_1_54' title='bbox 981 870 1031 917; x_wconf 88' lang='lat' dir='ltr'>et</span> <span class='ocrx_word' id='word_1_55' title='bbox 1079 869 1250 918; x_wconf 85' lang='lat' dir='ltr'>tamen</span> <span class='ocrx_word' id='word_1_56' title='bbox 1307 868 1528 918; x_wconf 77' lang='lat' dir='ltr'>Lazarus</span> <span class='ocrx_word' id='word_1_57' title='bbox 1585 883 1700 919; x_wconf 82' lang='lat' dir='ltr'>caro</span> <span class='ocrx_word' id='word_1_58' title='bbox 1755 870 2046 928; x_wconf 75' lang='lat' dir='ltr'>resurrexit,</span> 
     </span>
     <span class='ocr_line' id='line_1_8' title="bbox 171 954 2047 1021; baseline 0 -14"><span class='ocrx_word' id='word_1_59' title='bbox 171 972 287 1007; x_wconf 84' lang='lat' dir='ltr'>cum</span> <span class='ocrx_word' id='word_1_60' title='bbox 324 956 494 1006; x_wconf 85' lang='lat' dir='ltr'>anima</span> <span class='ocrx_word' id='word_1_61' title='bbox 527 955 753 1021; x_wconf 82' lang='lat' dir='ltr'>quidem,</span> <span class='ocrx_word' id='word_1_62' title='bbox 797 954 887 1005; x_wconf 87' lang='lat' dir='ltr'>sed</span> <span class='ocrx_word' id='word_1_63' title='bbox 918 956 1231 1020; x_wconf 75' lang='lat' dir='ltr'>incorrupta,</span> <span class='ocrx_word' id='word_1_64' title='bbox 1274 971 1427 1020; x_wconf 84' lang='lat' dir='ltr'>quam</span> <span class='ocrx_word' id='word_1_65' title='bbox 1460 971 1607 1006; x_wconf 87' lang='lat' dir='ltr'>nemo</span> <span class='ocrx_word' id='word_1_66' title='bbox 1642 957 1866 1008; x_wconf 86' lang='lat' dir='ltr'>uinculis</span> <span class='ocrx_word' id='word_1_67' title='bbox 1898 957 2047 1008; x_wconf 89' lang='lat' dir='ltr'>lineis</span> 
     </span>
     <span class='ocr_line' id='line_1_9' title="bbox 173 1043 2049 1108; baseline 0.001 -14"><span class='ocrx_word' id='word_1_68' title='bbox 173 1044 461 1106; x_wconf 83' lang='lat' dir='ltr'>strinxerat,</span> <span class='ocrx_word' id='word_1_69' title='bbox 503 1059 651 1093; x_wconf 87' lang='lat' dir='ltr'>nemo</span> <span class='ocrx_word' id='word_1_70' title='bbox 685 1043 734 1093; x_wconf 91' lang='lat' dir='ltr'>in</span> <span class='ocrx_word' id='word_1_71' title='bbox 769 1043 1008 1108; x_wconf 87' lang='lat' dir='ltr'>sepulcro</span> <span class='ocrx_word' id='word_1_72' title='bbox 1044 1044 1336 1094; x_wconf 85' lang='lat' dir='ltr'>collocarat.</span> <span class='ocrx_word' id='word_1_73' title='bbox 1379 1059 1524 1094; x_wconf 91' lang='lat' dir='ltr'>nemo</span> <span class='ocrx_word' id='word_1_74' title='bbox 1565 1043 1667 1094; x_wconf 91' lang='lat' dir='ltr'>iam</span> <span class='ocrx_word' id='word_1_75' title='bbox 1707 1045 1898 1096; x_wconf 80' lang='lat' dir='ltr'>foetere</span> <span class='ocrx_word' id='word_1_76' title='bbox 1941 1061 2049 1096; x_wconf 88' lang='lat' dir='ltr'>sen-</span> 
     </span>
     <span class='ocr_line' id='line_1_10' title="bbox 171 1129 2048 1197; baseline 0.001 -15"><span class='ocrx_word' id='word_1_77' title='bbox 171 1133 326 1193; x_wconf 86' lang='lat' dir='ltr'>serat,</span> <span class='ocrx_word' id='word_1_78' title='bbox 390 1147 537 1182; x_wconf 90' lang='lat' dir='ltr'>nemo</span> <span class='ocrx_word' id='word_1_79' title='bbox 596 1129 869 1197; x_wconf 84' lang='lat' dir='ltr'>quatriduo</span> <span class='ocrx_word' id='word_1_80' title='bbox 927 1129 1130 1180; x_wconf 86' lang='lat' dir='ltr'>uiderat</span> <span class='ocrx_word' id='word_1_81' title='bbox 1185 1131 1507 1181; x_wconf 84' lang='lat' dir='ltr'>seminatam.</span> <span class='ocrx_word' id='word_1_82' title='bbox 1571 1134 1739 1182; x_wconf 86' lang='lat' dir='ltr'>toturn</span> <span class='ocrx_word' id='word_1_83' title='bbox 1796 1131 2048 1184; x_wconf 86' lang='lat' dir='ltr'>habitum.</span> 
     </span>
     <span class='ocr_line' id='line_1_11' title="bbox 173 1217 2122 1285; baseline 0.001 -17"><span class='ocrx_word' id='word_1_84' title='bbox 173 1221 342 1269; x_wconf 87' lang='lat' dir='ltr'>totum</span> <span class='ocrx_word' id='word_1_85' title='bbox 392 1219 583 1269; x_wconf 83' lang='lat' dir='ltr'>exitum</span> <span class='ocrx_word' id='word_1_86' title='bbox 633 1218 812 1269; x_wconf 83' lang='lat' dir='ltr'>Lazari</span> <span class='ocrx_word' id='word_1_87' title='bbox 862 1217 1089 1268; x_wconf 89' lang='lat' dir='ltr'>omnium</span> <span class='ocrx_word' id='word_1_88' title='bbox 1147 1233 1352 1283; x_wconf 90' lang='lat' dir='ltr'>quoque</span> <span class='ocrx_word' id='word_1_89' title='bbox 1408 1233 1523 1268; x_wconf 87' lang='lat' dir='ltr'>caro</span> <span class='ocrx_word' id='word_1_90' title='bbox 1577 1218 1731 1269; x_wconf 85' lang='lat' dir='ltr'>hodie</span> <span class='ocrx_word' id='word_1_91' title='bbox 1777 1219 2122 1285; x_wconf 73' lang='lat' dir='ltr'>expe1·itur,10</span> 
     </span>
     <span class='ocr_line' id='line_1_12' title="bbox 171 1305 2049 1372; baseline 0.001 -16"><span class='ocrx_word' id='word_1_92' title='bbox 171 1306 346 1356; x_wconf 85' lang='lat' dir='ltr'>anima</span> <span class='ocrx_word' id='word_1_93' title='bbox 387 1322 508 1357; x_wconf 88' lang='lat' dir='ltr'>uero</span> <span class='ocrx_word' id='word_1_94' title='bbox 550 1306 765 1357; x_wconf 36' lang='lat' dir='ltr'>nullius‘</span> <span class='ocrx_word' id='word_1_95' title='bbox 804 1306 855 1355; x_wconf 91' lang='lat' dir='ltr'>in</span> <span class='ocrx_word' id='word_1_96' title='bbox 898 1321 998 1371; x_wconf 86' lang='lat' dir='ltr'>qua</span> <span class='ocrx_word' id='word_1_97' title='bbox 1040 1321 1158 1372; x_wconf 84' lang='lat' dir='ltr'>ergo</span> <span class='ocrx_word' id='word_1_98' title='bbox 1201 1305 1354 1356; x_wconf 85' lang='lat' dir='ltr'>stilus</span> <span class='ocrx_word' id='word_1_99' title='bbox 1398 1306 1621 1372; x_wconf 88' lang='lat' dir='ltr'>apostoli</span> <span class='ocrx_word' id='word_1_100' title='bbox 1663 1310 1940 1372; x_wconf 85' lang='lat' dir='ltr'>comparet,</span> <span class='ocrx_word' id='word_1_101' title='bbox 1991 1308 2049 1358; x_wconf 87' lang='lat' dir='ltr'>de</span> 
     </span>
     <span class='ocr_line' id='line_1_13' title="bbox 175 1393 2051 1460; baseline 0.001 -15"><span class='ocrx_word' id='word_1_102' title='bbox 175 1411 273 1460; x_wconf 87' lang='lat' dir='ltr'>qua</span> <span class='ocrx_word' id='word_1_103' title='bbox 316 1410 434 1444; x_wconf 87' lang='lat' dir='ltr'>eum</span> <span class='ocrx_word' id='word_1_104' title='bbox 474 1394 618 1459; x_wconf 89' lang='lat' dir='ltr'>loqui</span> <span class='ocrx_word' id='word_1_105' title='bbox 660 1395 880 1455; x_wconf 84' lang='lat' dir='ltr'>constat,</span> <span class='ocrx_word' id='word_1_106' title='bbox 925 1409 981 1443; x_wconf 84' lang='lat' dir='ltr'>ea</span> <span class='ocrx_word' id='word_1_107' title='bbox 1023 1394 1118 1444; x_wconf 86' lang='lat' dir='ltr'>erit</span> <span class='ocrx_word' id='word_1_108' title='bbox 1151 1395 1202 1443; x_wconf 87' lang='lat' dir='ltr'>et</span> <span class='ocrx_word' id='word_1_109' title='bbox 1235 1409 1420 1460; x_wconf 87' lang='lat' dir='ltr'>corpus</span> <span class='ocrx_word' id='word_1_110' title='bbox 1462 1393 1696 1453; x_wconf 84' lang='lat' dir='ltr'>animale,</span> <span class='ocrx_word' id='word_1_111' title='bbox 1739 1410 1854 1445; x_wconf 90' lang='lat' dir='ltr'>cum</span> <span class='ocrx_word' id='word_1_112' title='bbox 1898 1396 2051 1447; x_wconf 90' lang='lat' dir='ltr'>semi-</span> 
     </span>
     <span class='ocr_line' id='line_1_14' title="bbox 175 1482 2051 1551; baseline 0.001 -17"><span class='ocrx_word' id='word_1_113' title='bbox 175 1486 343 1544; x_wconf 87' lang='lat' dir='ltr'>natur,</span> <span class='ocrx_word' id='word_1_114' title='bbox 409 1485 460 1533; x_wconf 85' lang='lat' dir='ltr'>et</span> <span class='ocrx_word' id='word_1_115' title='bbox 515 1482 764 1549; x_wconf 81' lang='lat' dir='ltr'>spiritale,</span> <span class='ocrx_word' id='word_1_116' title='bbox 822 1497 938 1532; x_wconf 88' lang='lat' dir='ltr'>cum</span> <span class='ocrx_word' id='word_1_117' title='bbox 996 1482 1294 1533; x_wconf 88' lang='lat' dir='ltr'>suscitatur.</span> <span class='ocrx_word' id='word_1_118' title='bbox 1354 1498 1471 1532; x_wconf 87' lang='lat' dir='ltr'>nam</span> <span class='ocrx_word' id='word_1_119' title='bbox 1526 1486 1585 1532; x_wconf 86' lang='lat' dir='ltr'>ut</span> <span class='ocrx_word' id='word_1_120' title='bbox 1637 1483 1710 1533; x_wconf 84' lang='lat' dir='ltr'>ita</span> <span class='ocrx_word' id='word_1_121' title='bbox 1763 1483 2051 1551; x_wconf 82' lang='lat' dir='ltr'>intellegaS,</span> 
     </span>
     <span class='ocr_line' id='line_1_15' title="bbox 175 1569 2054 1637; baseline 0.001 -16"><span class='ocrx_word' id='word_1_122' title='bbox 175 1587 384 1622; x_wconf 85' lang='lat' dir='ltr'>manum</span> <span class='ocrx_word' id='word_1_123' title='bbox 425 1571 593 1622; x_wconf 85' lang='lat' dir='ltr'>adhuc</span> <span class='ocrx_word' id='word_1_124' title='bbox 633 1570 868 1637; x_wconf 78' lang='lat' dir='ltr'>porrigit,</span> <span class='ocrx_word' id='word_1_125' title='bbox 919 1585 1079 1637; x_wconf 84' lang='lat' dir='ltr'>aeque</span> <span class='ocrx_word' id='word_1_126' title='bbox 1121 1569 1181 1621; x_wconf 89' lang='lat' dir='ltr'>de</span> <span class='ocrx_word' id='word_1_127' title='bbox 1222 1569 1453 1621; x_wconf 87' lang='lat' dir='ltr'>eiusdem</span> <span class='ocrx_word' id='word_1_128' title='bbox 1503 1570 1788 1637; x_wconf 86' lang='lat' dir='ltr'>scripturae</span> <span class='ocrx_word' id='word_1_129' title='bbox 1836 1573 2054 1624; x_wconf 85' lang='lat' dir='ltr'>auctori-</span> 
     </span>
     <span class='ocr_line' id='line_1_16' title="bbox 172 1657 2126 1724; baseline 0.001 -15"><span class='ocrx_word' id='word_1_130' title='bbox 172 1662 279 1710; x_wconf 85' lang='lat' dir='ltr'>tate</span> <span class='ocrx_word' id='word_1_131' title='bbox 335 1659 531 1710; x_wconf 86' lang='lat' dir='ltr'>factum</span> <span class='ocrx_word' id='word_1_132' title='bbox 594 1662 826 1709; x_wconf 83' lang='lat' dir='ltr'>retexens</span> <span class='ocrx_word' id='word_1_133' title='bbox 888 1659 1111 1724; x_wconf 88' lang='lat' dir='ltr'>primum</span> <span class='ocrx_word' id='word_1_134' title='bbox 1174 1657 1437 1708; x_wconf 90' lang='lat' dir='ltr'>hominem</span> <span class='ocrx_word' id='word_1_135' title='bbox 1492 1658 1657 1709; x_wconf 88' lang='lat' dir='ltr'>Adam</span> <span class='ocrx_word' id='word_1_136' title='bbox 1718 1658 1768 1709; x_wconf 90' lang='lat' dir='ltr'>in</span> <span class='ocrx_word' id='word_1_137' title='bbox 1832 1659 2052 1711; x_wconf 85' lang='lat' dir='ltr'>animam</span> <span class='ocrx_word' id='word_1_138' title='bbox 2087 1676 2126 1705; x_wconf 83' lang='lat'>1⁵</span> 
     </span>
     <span class='ocr_line' id='line_1_17' title="bbox 176 1745 2055 1812; baseline 0.001 -15"><span class='ocrx_word' id='word_1_139' title='bbox 176 1747 458 1797; x_wconf 85' lang='lat' dir='ltr'>uiuentem.</span> <span class='ocrx_word' id='word_1_140' title='bbox 523 1746 567 1796; x_wconf 90' lang='lat' dir='ltr'>si</span> <span class='ocrx_word' id='word_1_141' title='bbox 622 1745 787 1796; x_wconf 88' lang='lat' dir='ltr'>Adam</span> <span class='ocrx_word' id='word_1_142' title='bbox 843 1746 995 1796; x_wconf 89' lang='lat' dir='ltr'>homo</span> <span class='ocrx_word' id='word_1_143' title='bbox 1052 1746 1268 1812; x_wconf 86' lang='lat' dir='ltr'>primus,</span> <span class='ocrx_word' id='word_1_144' title='bbox 1332 1760 1446 1796; x_wconf 88' lang='lat' dir='ltr'>caro</span> <span class='ocrx_word' id='word_1_145' title='bbox 1503 1748 1674 1796; x_wconf 84' lang='lat' dir='ltr'>autem</span> <span class='ocrx_word' id='word_1_146' title='bbox 1731 1746 1885 1797; x_wconf 91' lang='lat' dir='ltr'>homo</span> <span class='ocrx_word' id='word_1_147' title='bbox 1941 1749 2055 1798; x_wconf 87' lang='lat' dir='ltr'>ante</span> 
     </span>
     <span class='ocr_line' id='line_1_18' title="bbox 173 1833 2053 1902; baseline 0.001 -18"><span class='ocrx_word' id='word_1_148' title='bbox 173 1834 416 1895; x_wconf 85' lang='lat' dir='ltr'>animam,</span> <span class='ocrx_word' id='word_1_149' title='bbox 468 1834 576 1886; x_wconf 87' lang='lat' dir='ltr'>sine</span> <span class='ocrx_word' id='word_1_150' title='bbox 626 1833 781 1884; x_wconf 91' lang='lat' dir='ltr'>dubio</span> <span class='ocrx_word' id='word_1_151' title='bbox 832 1849 946 1884; x_wconf 89' lang='lat' dir='ltr'>caro</span> <span class='ocrx_word' id='word_1_152' title='bbox 997 1834 1093 1884; x_wconf 90' lang='lat' dir='ltr'>erit</span> <span class='ocrx_word' id='word_1_153' title='bbox 1140 1833 1278 1884; x_wconf 88' lang='lat' dir='ltr'>facta</span> <span class='ocrx_word' id='word_1_154' title='bbox 1323 1833 1373 1884; x_wconf 92' lang='lat' dir='ltr'>in</span> <span class='ocrx_word' id='word_1_155' title='bbox 1423 1834 1662 1885; x_wconf 85' lang='lat' dir='ltr'>animam.</span> <span class='ocrx_word' id='word_1_156' title='bbox 1716 1834 1853 1886; x_wconf 81' lang='lat' dir='ltr'>facta</span> <span class='ocrx_word' id='word_1_157' title='bbox 1904 1850 2053 1902; x_wconf 91' lang='lat' dir='ltr'>porro</span> 
     </span>
     <span class='ocr_line' id='line_1_19' title="bbox 177 1921 2052 1989; baseline 0.001 -17"><span class='ocrx_word' id='word_1_158' title='bbox 177 1922 225 1972; x_wconf 90' lang='lat' dir='ltr'>in</span> <span class='ocrx_word' id='word_1_159' title='bbox 262 1922 504 1981; x_wconf 72' lang='lat' dir='ltr'>animam,</span> <span class='ocrx_word' id='word_1_160' title='bbox 541 1937 656 1973; x_wconf 87' lang='lat' dir='ltr'>cum</span> <span class='ocrx_word' id='word_1_161' title='bbox 694 1924 834 1972; x_wconf 81' lang='lat' dir='ltr'>esset</span> <span class='ocrx_word' id='word_1_162' title='bbox 867 1937 1069 1988; x_wconf 78' lang='lat' dir='ltr'>corpuS,</span> <span class='ocrx_word' id='word_1_163' title='bbox 1109 1921 1291 1987; x_wconf 86' lang='lat' dir='ltr'>utique</span> <span class='ocrx_word' id='word_1_164' title='bbox 1325 1922 1541 1973; x_wconf 86' lang='lat' dir='ltr'>animale</span> <span class='ocrx_word' id='word_1_165' title='bbox 1575 1938 1759 1989; x_wconf 85' lang='lat' dir='ltr'>corpus</span> <span class='ocrx_word' id='word_1_166' title='bbox 1793 1926 1872 1974; x_wconf 83' lang='lat' dir='ltr'>est</span> <span class='ocrx_word' id='word_1_167' title='bbox 1902 1923 2052 1974; x_wconf 83' lang='lat' dir='ltr'>facta.</span> 
     </span>
     <span class='ocr_line' id='line_1_20' title="bbox 177 2008 2054 2075; baseline 0.001 -15"><span class='ocrx_word' id='word_1_168' title='bbox 177 2009 304 2074; x_wconf 88' lang='lat' dir='ltr'>quid</span> <span class='ocrx_word' id='word_1_169' title='bbox 344 2024 451 2060; x_wconf 88' lang='lat' dir='ltr'>eam</span> <span class='ocrx_word' id='word_1_170' title='bbox 504 2009 749 2075; x_wconf 86' lang='lat' dir='ltr'>appellari</span> <span class='ocrx_word' id='word_1_171' title='bbox 792 2009 956 2059; x_wconf 88' lang='lat' dir='ltr'>uelint</span> <span class='ocrx_word' id='word_1_172' title='bbox 997 2023 1146 2073; x_wconf 85' lang='lat' dir='ltr'>quam</span> <span class='ocrx_word' id='word_1_173' title='bbox 1197 2008 1334 2074; x_wconf 88' lang='lat' dir='ltr'>quod</span> <span class='ocrx_word' id='word_1_174' title='bbox 1381 2025 1466 2075; x_wconf 87' lang='lat' dir='ltr'>per</span> <span class='ocrx_word' id='word_1_175' title='bbox 1515 2010 1736 2061; x_wconf 83' lang='lat' dir='ltr'>animam</span> <span class='ocrx_word' id='word_1_176' title='bbox 1775 2010 1912 2062; x_wconf 86' lang='lat' dir='ltr'>facta</span> <span class='ocrx_word' id='word_1_177' title='bbox 1958 2014 2054 2072; x_wconf 74' lang='lat' dir='ltr'>est,</span> 
     </span>
     <span class='ocr_line' id='line_1_21' title="bbox 178 2096 2128 2163; baseline 0 -16"><span class='ocrx_word' id='word_1_178' title='bbox 178 2113 330 2162; x_wconf 89' lang='lat' dir='ltr'>quam</span> <span class='ocrx_word' id='word_1_179' title='bbox 377 2096 514 2162; x_wconf 89' lang='lat' dir='ltr'>quod</span> <span class='ocrx_word' id='word_1_180' title='bbox 554 2099 670 2147; x_wconf 82' lang='lat' dir='ltr'>ante</span> <span class='ocrx_word' id='word_1_181' title='bbox 718 2096 939 2147; x_wconf 85' lang='lat' dir='ltr'>animam</span> <span class='ocrx_word' id='word_1_182' title='bbox 981 2112 1079 2147; x_wconf 92' lang='lat' dir='ltr'>non</span> <span class='ocrx_word' id='word_1_183' title='bbox 1128 2096 1244 2159; x_wconf 85' lang='lat' dir='ltr'>fuit,</span> <span class='ocrx_word' id='word_1_184' title='bbox 1287 2112 1438 2162; x_wconf 87' lang='lat' dir='ltr'>quam</span> <span class='ocrx_word' id='word_1_185' title='bbox 1489 2097 1623 2163; x_wconf 90' lang='lat' dir='ltr'>quod</span> <span class='ocrx_word' id='word_1_186' title='bbox 1669 2100 1789 2163; x_wconf 87' lang='lat' dir='ltr'>post</span> <span class='ocrx_word' id='word_1_187' title='bbox 1835 2098 2052 2150; x_wconf 86' lang='lat' dir='ltr'>animam</span> <span class='ocrx_word' id='word_1_188' title='bbox 2087 2117 2128 2147; x_wconf 80' lang='lat'>20</span> 
     </span>
     <span class='ocr_line' id='line_1_22' title="bbox 179 2184 2055 2251; baseline 0.001 -16"><span class='ocrx_word' id='word_1_189' title='bbox 179 2199 277 2236; x_wconf 86' lang='lat' dir='ltr'>non</span> <span class='ocrx_word' id='word_1_190' title='bbox 321 2185 432 2245; x_wconf 79' lang='lat' dir='ltr'>erit,</span> <span class='ocrx_word' id='word_1_191' title='bbox 474 2184 572 2235; x_wconf 90' lang='lat' dir='ltr'>nisi</span> <span class='ocrx_word' id='word_1_192' title='bbox 622 2199 740 2234; x_wconf 87' lang='lat' dir='ltr'>cum</span> <span class='ocrx_word' id='word_1_193' title='bbox 781 2184 1042 2251; x_wconf 78' lang='lat' dir='ltr'>resurgit?</span> <span class='ocrx_word' id='word_1_194' title='bbox 1089 2186 1297 2249; x_wconf 87' lang='lat' dir='ltr'>recepta</span> <span class='ocrx_word' id='word_1_195' title='bbox 1338 2184 1470 2235; x_wconf 90' lang='lat' dir='ltr'>enim</span> <span class='ocrx_word' id='word_1_196' title='bbox 1513 2185 1683 2236; x_wconf 82' lang='lat' dir='ltr'>anima</span> <span class='ocrx_word' id='word_1_197' title='bbox 1728 2201 1907 2237; x_wconf 86' lang='lat' dir='ltr'>rursus</span> <span class='ocrx_word' id='word_1_198' title='bbox 1950 2187 2055 2237; x_wconf 85' lang='lat' dir='ltr'>ani-</span> 
     </span>
     <span class='ocr_line' id='line_1_23' title="bbox 179 2272 2054 2341; baseline 0 -17"><span class='ocrx_word' id='word_1_199' title='bbox 179 2274 311 2324; x_wconf 87' lang='lat' dir='ltr'>male</span> <span class='ocrx_word' id='word_1_200' title='bbox 354 2288 540 2339; x_wconf 90' lang='lat' dir='ltr'>corpus</span> <span class='ocrx_word' id='word_1_201' title='bbox 582 2272 820 2335; x_wconf 84' lang='lat' dir='ltr'>efficitur,</span> <span class='ocrx_word' id='word_1_202' title='bbox 861 2275 920 2324; x_wconf 86' lang='lat' dir='ltr'>ut</span> <span class='ocrx_word' id='word_1_203' title='bbox 959 2273 1049 2323; x_wconf 85' lang='lat' dir='ltr'>fiat</span> <span class='ocrx_word' id='word_1_204' title='bbox 1090 2272 1338 2339; x_wconf 86' lang='lat' dir='ltr'>spiritale.</span> <span class='ocrx_word' id='word_1_205' title='bbox 1379 2289 1477 2324; x_wconf 91' lang='lat' dir='ltr'>non</span> <span class='ocrx_word' id='word_1_206' title='bbox 1519 2273 1652 2324; x_wconf 89' lang='lat' dir='ltr'>enim</span> <span class='ocrx_word' id='word_1_207' title='bbox 1693 2274 1920 2341; x_wconf 84' lang='lat' dir='ltr'>resurgit</span> <span class='ocrx_word' id='word_1_208' title='bbox 1958 2274 2054 2326; x_wconf 89' lang='lat' dir='ltr'>nisi</span> 
     </span>
     <span class='ocr_line' id='line_1_24' title="bbox 179 2360 2055 2426; baseline 0.001 -15"><span class='ocrx_word' id='word_1_209' title='bbox 179 2360 318 2426; x_wconf 87' lang='lat' dir='ltr'>quod</span> <span class='ocrx_word' id='word_1_210' title='bbox 357 2360 474 2411; x_wconf 87' lang='lat' dir='ltr'>fuit.</span> <span class='ocrx_word' id='word_1_211' title='bbox 522 2360 597 2411; x_wconf 86' lang='lat' dir='ltr'>ita</span> <span class='ocrx_word' id='word_1_212' title='bbox 635 2360 772 2411; x_wconf 89' lang='lat' dir='ltr'>unde</span> <span class='ocrx_word' id='word_1_213' title='bbox 814 2361 949 2411; x_wconf 84' lang='lat' dir='ltr'>carni</span> <span class='ocrx_word' id='word_1_214' title='bbox 992 2360 1238 2426; x_wconf 88' lang='lat' dir='ltr'>competit</span> <span class='ocrx_word' id='word_1_215' title='bbox 1288 2375 1473 2426; x_wconf 88' lang='lat' dir='ltr'>corpus</span> <span class='ocrx_word' id='word_1_216' title='bbox 1521 2361 1741 2411; x_wconf 86' lang='lat' dir='ltr'>animale</span> <span class='ocrx_word' id='word_1_217' title='bbox 1782 2361 1900 2423; x_wconf 88' lang='lat' dir='ltr'>dici,</span> <span class='ocrx_word' id='word_1_218' title='bbox 1939 2361 2055 2413; x_wconf 90' lang='lat' dir='ltr'>inde</span> 
     </span>
     <span class='ocr_line' id='line_1_25' title="bbox 178 2447 2053 2516; baseline 0.001 -18"><span class='ocrx_word' id='word_1_219' title='bbox 178 2448 379 2498; x_wconf 85' lang='lat' dir='ltr'>animae</span> <span class='ocrx_word' id='word_1_220' title='bbox 434 2447 576 2498; x_wconf 89' lang='lat' dir='ltr'>nullo</span> <span class='ocrx_word' id='word_1_221' title='bbox 632 2447 785 2498; x_wconf 86' lang='lat' dir='ltr'>modo</span> <span class='ocrx_word' id='word_1_222' title='bbox 829 2448 1097 2514; x_wconf 87' lang='lat' dir='ltr'>competit.</span> <span class='ocrx_word' id='word_1_223' title='bbox 1155 2464 1268 2498; x_wconf 86' lang='lat' dir='ltr'>caro</span> <span class='ocrx_word' id='word_1_224' title='bbox 1320 2449 1455 2499; x_wconf 87' lang='lat' dir='ltr'>enim</span> <span class='ocrx_word' id='word_1_225' title='bbox 1505 2451 1619 2499; x_wconf 87' lang='lat' dir='ltr'>ante</span> <span class='ocrx_word' id='word_1_226' title='bbox 1668 2464 1852 2515; x_wconf 89' lang='lat' dir='ltr'>corpus</span> <span class='ocrx_word' id='word_1_227' title='bbox 1901 2465 2053 2516; x_wconf 85' lang='lat' dir='ltr'>quam</span> 
     </span>
     <span class='ocr_line' id='line_1_26' title="bbox 178 2536 2127 2604; baseline 0.001 -18"><span class='ocrx_word' id='word_1_228' title='bbox 178 2536 398 2587; x_wconf 87' lang='lat' dir='ltr'>animale</span> <span class='ocrx_word' id='word_1_229' title='bbox 433 2552 636 2602; x_wconf 80' lang='lat' dir='ltr'>corpuS.</span> <span class='ocrx_word' id='word_1_230' title='bbox 673 2536 897 2587; x_wconf 88' lang='lat' dir='ltr'>animata</span> <span class='ocrx_word' id='word_1_231' title='bbox 922 2536 1075 2598; x_wconf 87' lang='lat' dir='ltr'>enim,</span> <span class='ocrx_word' id='word_1_232' title='bbox 1109 2539 1292 2601; x_wconf 88' lang='lat' dir='ltr'>postea</span> <span class='ocrx_word' id='word_1_233' title='bbox 1324 2537 1461 2588; x_wconf 86' lang='lat' dir='ltr'>facta</span> <span class='ocrx_word' id='word_1_234' title='bbox 1493 2539 1574 2588; x_wconf 88' lang='lat' dir='ltr'>est</span> <span class='ocrx_word' id='word_1_235' title='bbox 1598 2552 1784 2604; x_wconf 90' lang='lat' dir='ltr'>corpus</span> <span class='ocrx_word' id='word_1_236' title='bbox 1817 2537 2053 2589; x_wconf 87' lang='lat' dir='ltr'>animale.</span> <span class='ocrx_word' id='word_1_237' title='bbox 2087 2556 2127 2588; x_wconf 80' lang='lat'>25</span> 
     </span>
     <span class='ocr_line' id='line_1_27' title="bbox 179 2624 2054 2692; baseline 0.001 -18"><span class='ocrx_word' id='word_1_238' title='bbox 179 2624 352 2674; x_wconf 84' lang='lat' dir='ltr'>anima</span> <span class='ocrx_word' id='word_1_239' title='bbox 390 2640 512 2675; x_wconf 90' lang='lat' dir='ltr'>uero</span> <span class='ocrx_word' id='word_1_240' title='bbox 554 2625 652 2674; x_wconf 89' lang='lat' dir='ltr'>etsi</span> <span class='ocrx_word' id='word_1_241' title='bbox 694 2640 897 2690; x_wconf 88' lang='lat' dir='ltr'>corpus,</span> <span class='ocrx_word' id='word_1_242' title='bbox 938 2628 1127 2686; x_wconf 86' lang='lat' dir='ltr'>tamen,</span> <span class='ocrx_word' id='word_1_243' title='bbox 1171 2624 1289 2690; x_wconf 88' lang='lat' dir='ltr'>quia</span> <span class='ocrx_word' id='word_1_244' title='bbox 1328 2624 1445 2690; x_wconf 79' lang='lat' dir='ltr'>ipsa</span> <span class='ocrx_word' id='word_1_245' title='bbox 1484 2627 1564 2676; x_wconf 89' lang='lat' dir='ltr'>est</span> <span class='ocrx_word' id='word_1_246' title='bbox 1596 2641 1782 2692; x_wconf 86' lang='lat' dir='ltr'>corpus</span> <span class='ocrx_word' id='word_1_247' title='bbox 1816 2641 1914 2677; x_wconf 92' lang='lat' dir='ltr'>non</span> <span class='ocrx_word' id='word_1_248' title='bbox 1950 2626 2054 2676; x_wconf 89' lang='lat' dir='ltr'>ani-</span> 
     </span>
     <span class='ocr_line' id='line_1_28' title="bbox 182 2712 2056 2780; baseline 0.001 -18"><span class='ocrx_word' id='word_1_249' title='bbox 182 2713 376 2762; x_wconf 89' lang='lat' dir='ltr'>matum</span> <span class='ocrx_word' id='word_1_250' title='bbox 433 2712 524 2763; x_wconf 89' lang='lat' dir='ltr'>sed</span> <span class='ocrx_word' id='word_1_251' title='bbox 571 2712 800 2763; x_wconf 86' lang='lat' dir='ltr'>animans</span> <span class='ocrx_word' id='word_1_252' title='bbox 839 2713 1033 2778; x_wconf 82' lang='lat' dir='ltr'>potius,</span> <span class='ocrx_word' id='word_1_253' title='bbox 1085 2713 1303 2763; x_wconf 82' lang='lat' dir='ltr'>animale</span> <span class='ocrx_word' id='word_1_254' title='bbox 1353 2728 1538 2780; x_wconf 86' lang='lat' dir='ltr'>corpus</span> <span class='ocrx_word' id='word_1_255' title='bbox 1591 2729 1689 2764; x_wconf 91' lang='lat' dir='ltr'>non</span> <span class='ocrx_word' id='word_1_256' title='bbox 1736 2715 1910 2778; x_wconf 83' lang='lat' dir='ltr'>potest</span> <span class='ocrx_word' id='word_1_257' title='bbox 1955 2714 2056 2765; x_wconf 88' lang='lat' dir='ltr'>dici</span> 
     </span>
    </p>
   </div>
   <div class='ocr_carea' id='block_1_3' title="bbox 327 2982 1531 3039">
    <p class='ocr_par' dir='ltr' id='par_1_3' title="bbox 327 2982 1531 3039">
     <span class='ocr_line' id='line_1_29' title="bbox 327 2982 1531 3039; baseline -0.002 -13"><span class='ocrx_word' id='word_1_258' title='bbox 327 2984 372 3039; x_wconf 88' lang='lat'>4]</span> <span class='ocrx_word' id='word_1_259' title='bbox 408 2983 461 3028; x_wconf 84' lang='lat' dir='ltr'>cf.</span> <span class='ocrx_word' id='word_1_260' title='bbox 495 2983 589 3026; x_wconf 89' lang='lat' dir='ltr'>Ioh.</span> <span class='ocrx_word' id='word_1_261' title='bbox 625 2984 692 3034; x_wconf 89' lang='grc'>11,</span> <span class='ocrx_word' id='word_1_262' title='bbox 727 2984 883 3026; x_wconf 82' lang='grc'>1-18.</span> <span class='ocrx_word' id='word_1_263' title='bbox 978 2982 1047 3039; x_wconf 83' lang='lat'>14]</span> <span class='ocrx_word' id='word_1_264' title='bbox 1083 2983 1137 3027; x_wconf 88' lang='lat' dir='ltr'>cf.</span> <span class='ocrx_word' id='word_1_265' title='bbox 1170 2984 1192 3026; x_wconf 92' lang='lat' dir='ltr'>I</span> <span class='ocrx_word' id='word_1_266' title='bbox 1226 2982 1324 3027; x_wconf 84' lang='lat' dir='ltr'>Cor.</span> <span class='ocrx_word' id='word_1_267' title='bbox 1363 2984 1428 3034; x_wconf 86' lang='lat'>15,</span> <span class='ocrx_word' id='word_1_268' title='bbox 1461 2985 1531 3027; x_wconf 82' lang='lat'>45.</span> 
     </span>
    </p>
   </div>
   <div class='ocr_carea' id='block_1_4' title="bbox 182 3185 2061 3534">
    <p class='ocr_par' dir='ltr' id='par_1_4' title="bbox 182 3185 2061 3534">
     <span class='ocr_line' id='line_1_30' title="bbox 241 3185 2057 3242; baseline 0.002 -15"><span class='ocrx_word' id='word_1_269' title='bbox 241 3186 267 3227; x_wconf 80' lang='lat'>2</span> <span class='ocrx_word' id='word_1_270' title='bbox 294 3188 338 3228; x_wconf 89' lang='lat' dir='ltr'>et</span> <span class='ocrx_word' id='word_1_271' title='bbox 362 3185 524 3228; x_wconf 74' lang='lat' dir='ltr'>addidi</span> <span class='ocrx_word' id='word_1_272' title='bbox 656 3200 919 3242; x_wconf 85' lang='lat' dir='ltr'>consurgere</span> <span class='ocrx_word' id='word_1_273' title='bbox 942 3186 1103 3237; x_wconf 85' lang='lat' dir='ltr'>PMF,</span> <span class='ocrx_word' id='word_1_274' title='bbox 1131 3199 1362 3242; x_wconf 83' lang='lat' dir='ltr'>exsurgere</span> <span class='ocrx_word' id='word_1_275' title='bbox 1391 3185 1475 3229; x_wconf 80' lang='lat' dir='ltr'>Gel</span> <span class='ocrx_word' id='word_1_276' title='bbox 1488 3186 1652 3240; x_wconf 76' lang='lat' dir='ltr'>reliqui</span> <span class='ocrx_word' id='word_1_277' title='bbox 1756 3186 1808 3229; x_wconf 88' lang='lat'>16</span> <span class='ocrx_word' id='word_1_278' title='bbox 1834 3188 2057 3230; x_wconf 84' lang='lat' dir='ltr'>uiuentem</span> 
     </span>
     <span class='ocr_line' id='line_1_31' title="bbox 183 3258 2055 3314; baseline 0.002 -15"><span class='ocrx_word' id='word_1_279' title='bbox 183 3258 295 3309; x_wconf 88' lang='lat' dir='ltr'>PM,</span> <span class='ocrx_word' id='word_1_280' title='bbox 342 3259 492 3301; x_wconf 87' lang='lat' dir='ltr'>uiuam</span> <span class='ocrx_word' id='word_1_281' title='bbox 529 3258 579 3301; x_wconf 88' lang='lat' dir='ltr'><em>F</em></span> <span class='ocrx_word' id='word_1_282' title='bbox 680 3259 733 3302; x_wconf 88' lang='lat'>17</span> <span class='ocrx_word' id='word_1_283' title='bbox 782 3260 983 3302; x_wconf 84' lang='lat' dir='ltr'>animam.</span> <span class='ocrx_word' id='word_1_284' title='bbox 1031 3259 1149 3302; x_wconf 84' lang='lat' dir='ltr'>facta</span> <span class='ocrx_word' id='word_1_285' title='bbox 1195 3259 1375 3314; x_wconf 83' lang='lat' dir='ltr'>(factam</span> <span class='ocrx_word' id='word_1_286' title='bbox 1421 3259 1494 3312; x_wconf 88' lang='lat' dir='ltr'>M)</span> <span class='ocrx_word' id='word_1_287' title='bbox 1538 3273 1665 3314; x_wconf 89' lang='lat' dir='ltr'>porro</span> <span class='ocrx_word' id='word_1_288' title='bbox 1710 3259 1823 3310; x_wconf 87' lang='lat' dir='ltr'>MF,</span> <span class='ocrx_word' id='word_1_289' title='bbox 1870 3262 2055 3303; x_wconf 86' lang='lat' dir='ltr'>animam</span> 
     </span>
     <span class='ocr_line' id='line_1_32' title="bbox 184 3331 2058 3389; baseline 0.001 -16"><span class='ocrx_word' id='word_1_290' title='bbox 184 3331 426 3374; x_wconf 86' lang='lat' dir='ltr'>uiuentem.</span> <span class='ocrx_word' id='word_1_291' title='bbox 459 3345 587 3388; x_wconf 86' lang='lat' dir='ltr'>porro</span> <span class='ocrx_word' id='word_1_292' title='bbox 619 3332 812 3387; x_wconf 73' lang='lat' dir='ltr'>Puulyo</span> <span class='ocrx_word' id='word_1_293' title='bbox 904 3333 958 3375; x_wconf 88' lang='grc'>18</span> <span class='ocrx_word' id='word_1_294' title='bbox 989 3332 1106 3376; x_wconf 85' lang='lat' dir='ltr'>facta</span> <span class='ocrx_word' id='word_1_295' title='bbox 1138 3335 1205 3374; x_wconf 87' lang='lat' dir='ltr'>est</span> <span class='ocrx_word' id='word_1_296' title='bbox 1227 3332 1276 3374; x_wconf 88' lang='lat' dir='ltr'><em>F</em></span> <span class='ocrx_word' id='word_1_297' title='bbox 1364 3332 1416 3375; x_wconf 89' lang='lat'>19</span> <span class='ocrx_word' id='word_1_298' title='bbox 1448 3332 1592 3374; x_wconf 88' lang='lat' dir='ltr'>uelint</span> <span class='ocrx_word' id='word_1_299' title='bbox 1622 3333 1731 3387; x_wconf 80' lang='lat' dir='ltr'>(scil.</span> <span class='ocrx_word' id='word_1_300' title='bbox 1762 3333 1838 3376; x_wconf 73' lang='lat' dir='ltr'>illi</span> <span class='ocrx_word' id='word_1_301' title='bbox 1867 3333 2058 3389; x_wconf 82' lang='lat' dir='ltr'>quidam,</span> 
     </span>
     <span class='ocr_line' id='line_1_33' title="bbox 182 3404 2061 3460; baseline 0.001 -14"><span class='ocrx_word' id='word_1_302' title='bbox 182 3404 263 3459; x_wconf 71' lang='lat' dir='ltr'>qai</span> <span class='ocrx_word' id='word_1_303' title='bbox 291 3418 434 3459; x_wconf 75' lang='lat' dir='ltr'>supra</span> <span class='ocrx_word' id='word_1_304' title='bbox 463 3405 764 3448; x_wconf 78' lang='lat' dir='ltr'>nominantur</span> <span class='ocrx_word' id='word_1_305' title='bbox 785 3408 889 3460; x_wconf 87' lang='lat'>109,</span> <span class='ocrx_word' id='word_1_306' title='bbox 916 3409 995 3459; x_wconf 77' lang='lat'>22)</span> <span class='ocrx_word' id='word_1_307' title='bbox 1019 3405 1174 3460; x_wconf 76' lang='lat' dir='ltr'>PMF,</span> <span class='ocrx_word' id='word_1_308' title='bbox 1208 3406 1372 3449; x_wconf 88' lang='lat' dir='ltr'>uellent</span> <span class='ocrx_word' id='word_1_309' title='bbox 1397 3405 1481 3449; x_wconf 71' lang='grc' dir='ltr'>θεῖ</span> <span class='ocrx_word' id='word_1_310' title='bbox 1568 3406 1622 3448; x_wconf 82' lang='grc'>25</span> <span class='ocrx_word' id='word_1_311' title='bbox 1655 3406 1774 3448; x_wconf 84' lang='lat' dir='ltr'>facta</span> <span class='ocrx_word' id='word_1_312' title='bbox 1806 3408 1849 3457; x_wconf 85' lang='lat' dir='ltr'>(a</span> <span class='ocrx_word' id='word_1_313' title='bbox 1872 3420 1926 3449; x_wconf 75' lang='lat' dir='ltr'>eoe</span> <span class='ocrx_word' id='word_1_314' title='bbox 1948 3407 1993 3459; x_wconf 78' lang='lat' dir='ltr'>ii)</span> <span class='ocrx_word' id='word_1_315' title='bbox 2018 3407 2061 3448; x_wconf 93' lang='lat' dir='ltr'><em>P</em></span> 
     </span>
     <span class='ocr_line' id='line_1_34' title="bbox 185 3478 1926 3534; baseline 0.001 -14"><span class='ocrx_word' id='word_1_316' title='bbox 185 3478 241 3521; x_wconf 86' lang='lat'>26</span> <span class='ocrx_word' id='word_1_317' title='bbox 274 3479 514 3521; x_wconf 83' lang='lat' dir='ltr'>animatum</span> <span class='ocrx_word' id='word_1_318' title='bbox 546 3478 658 3534; x_wconf 74' lang='lat' dir='ltr'>Riy:</span> <span class='ocrx_word' id='word_1_319' title='bbox 689 3480 885 3522; x_wconf 84' lang='lat' dir='ltr'>animata</span> <span class='ocrx_word' id='word_1_320' title='bbox 914 3479 1063 3522; x_wconf 85' lang='lat' dir='ltr'>PMF</span> <span class='ocrx_word' id='word_1_321' title='bbox 1146 3480 1201 3522; x_wconf 81' lang='lat'>27</span> <span class='ocrx_word' id='word_1_322' title='bbox 1234 3480 1431 3523; x_wconf 84' lang='lat' dir='ltr'>animans</span> <span class='ocrx_word' id='word_1_323' title='bbox 1467 3479 1571 3522; x_wconf 70' lang='lat' dir='ltr'>Get.-</span> <span class='ocrx_word' id='word_1_324' title='bbox 1602 3479 1745 3522; x_wconf 87' lang='lat' dir='ltr'>anima</span> <span class='ocrx_word' id='word_1_325' title='bbox 1777 3478 1926 3522; x_wconf 89' lang='lat' dir='ltr'>PMF</span> 
     </span>
    </p>
   </div>
  </div>
 </body>
</html>
