2248 3646
265 249 368 301 358
647 248 837 300 Quinti
871 250 1408 306 SeptimivFlorentis
1440 254 1769 298 Tertulliani

266 411 316 459 et
334 409 577 474 quicquid
597 411 743 462 bonis
771 428 900 477 opus
922 414 1015 463 est.
1044 429 1172 478 quae
1192 415 1359 465 omnia
1376 418 1571 482 patitur
1596 434 1687 469 suo
1707 436 1861 482 more,
1889 437 1988 487 quo
2008 439 2123 473 eum

263 497 371 562 pati
392 498 652 560 condecet,
671 502 877 565 propter
896 516 1046 564 quem
1064 501 1215 552 homo
1236 503 1411 554 eadem
1437 506 1644 570 patitur,
1672 522 1832 573 aeque
1859 524 1951 559 suo
1969 525 2125 564 more.

341 585 420 636 17.
458 585 599 640 Haec
637 586 710 636 ita
749 587 982 653 dispecta
1019 590 1187 639 totum
1228 590 1452 641 ordinem
1494 592 1574 643 dei
1612 593 1800 645 iudicis
1841 596 2124 661 operarium

266 674 331 732 et,
364 675 423 723 ut
448 674 655 740 dignius
689 675 916 738 dixerim,
950 679 1292 741 protectorem
1328 679 1609 731 catholicae
1643 684 1692 732 et
1724 697 1954 733 summae
1985 684 2127 734 illius

263 761 512 813 bonitatis
545 764 839 825 ostendunt,
883 781 1034 830 quam
1074 766 1183 832 (ut)
1224 770 1474 817 semotam
1509 784 1536 818 a
1566 767 1850 821 iudiciariis
1892 771 2128 823 sensibus
2180 792 2201 823 5

265 853 315 898 et
353 849 402 898 in
446 865 538 901 suo
581 853 720 902 statu
752 869 933 917 puram
962 854 1142 903 nolunt
1173 853 1503 905 Marcionitae
1536 856 1585 905 in
1628 856 1806 907 eodem
1843 857 1934 909 deo
1978 874 2130 926 agno-

265 952 421 998 scere,
456 938 663 1004 pluente
690 956 843 1006 super
867 941 1026 991 bonos
1056 948 1104 991 et
1130 941 1288 992 malos
1323 945 1374 992 et
1399 942 1556 993 solem
1591 960 1744 994 suuni
1771 945 1888 995 oriri
1913 946 2129 997 faciente

264 1040 418 1090 super
448 1026 615 1077 iustos
651 1035 702 1078 et
733 1027 970 1090 iniustOS,
1014 1029 1149 1094 quod
1183 1030 1314 1081 alius
1351 1031 1475 1081 deus
1510 1032 1714 1082 omnino
1750 1048 1847 1083 non
1889 1036 2129 1099 praestat.

264 1128 379 1162 nam
414 1114 512 1164 etsi
545 1115 641 1166 hoc
675 1132 876 1181 quoque
908 1117 1264 1168 testimouium
1293 1118 1485 1169 Christi
1516 1119 1562 1169 in
1599 1123 1876 1170 creatorem
1901 1121 2130 1173 Marcion

265 1199 326 1250 de
353 1202 623 1268 euangelio
651 1203 853 1254 eradere
880 1220 1036 1254 ausus
1065 1206 1157 1265 est,
1201 1204 1289 1254 sed
1322 1205 1431 1271 ipse
1473 1207 1694 1258 mundus
1733 1208 2012 1274 inscriptus
2053 1212 2132 1260 est
2163 1232 2204 1263 ιο

266 1289 316 1336 et
370 1289 509 1338 omni
565 1305 593 1339 a
646 1291 961 1342 conscientia
1013 1291 1219 1358 legitur.
1289 1295 1341 1342 et
1394 1293 1491 1342 erit
1542 1294 1667 1344 haec
1720 1294 1832 1360 ipsa
1884 1296 2132 1361 patientia

266 1376 510 1426 creatoris
559 1378 607 1428 in
655 1378 903 1429 iudicium
944 1379 1237 1441 Marcionis,
1291 1380 1379 1430 illa
1419 1381 1681 1447 patientia,
1734 1399 1859 1448 quae
1902 1386 2133 1449 expectat

265 1464 631 1527 paenitentiam
664 1467 838 1530 potius
872 1467 1156 1531 peccatoris
1190 1484 1341 1533 quam
1375 1472 1588 1519 mortem
1625 1472 1674 1519 et
1707 1471 1908 1521 mauult
1938 1471 2132 1522 miseri-

267 1551 490 1601 cordiam
533 1569 685 1618 quam
728 1554 1053 1617 sacrificium,
1112 1559 1346 1606 auertens
1398 1556 1710 1607 destinatum
1760 1557 1864 1607 iam
1923 1559 2128 1610 exitium

265 1638 518 1690 Niniuitis
560 1643 609 1691 et
639 1641 862 1708 largiens
904 1643 1127 1708 spatium
1170 1643 1308 1694 uitae
1348 1643 1597 1694 Ezechiae
1636 1644 1860 1695 lacrimis
1901 1649 1952 1695 et
1987 1647 2130 1697 resti-
2163 1669 2202 1700 15

265 1731 416 1778 tuens
453 1731 645 1778 statum
680 1731 822 1797 regni
853 1730 1132 1797 Babylonis
1166 1735 1375 1797 tyranno
1410 1731 1721 1797 paenitentia
1750 1732 1948 1784 functo:
1989 1734 2131 1784 illam

269 1814 380 1866 dico
415 1817 836 1881 misericordiam,
878 1835 1005 1885 quae
1040 1821 1090 1869 et
1120 1818 1283 1869 filium
1327 1819 1495 1870 Saulis
1534 1821 1839 1871 moriturum
1880 1836 1937 1872 ex
1977 1821 2132 1872 deuo-

267 1906 406 1956 tione
469 1906 659 1973 populo
717 1907 975 1958 concessit
1029 1911 1079 1957 et
1132 1907 1301 1958 Dauid
1357 1907 1544 1959 delicta
1603 1908 1652 1958 in
1718 1908 1925 1959 domum
1981 1909 2130 1961 Uriae

270 1994 564 2045 confessum
621 1995 770 2046 uenia
823 1995 1065 2063 liberauit
1113 1999 1162 2046 et
1207 1996 1377 2061 ipsum
1426 1995 1621 2046 Israhel
1666 1997 1855 2047 totiens
1903 1996 2131 2048 restituit

271 2082 509 2145 quotiens
556 2082 822 2145 iudicauit,
873 2085 1062 2135 totiens
1110 2084 1299 2134 refouit
1339 2084 1573 2149 quotiens
1617 2086 1667 2134 et
1704 2084 1973 2150 increpuit.
2033 2099 2130 2135 non
2160 2107 2200 2137 20

270 2170 437 2220 solum
471 2171 633 2238 igitur
657 2172 880 2223 iudicem
908 2171 1160 2238 aspiciens
1189 2174 1483 2223 conuertere
1510 2174 1560 2223 et
1586 2172 1646 2222 ad
1673 2172 1851 2237 optimi
1878 2172 2127 2237 exempla:

269 2260 450 2309 notans
486 2274 602 2309 cum
635 2260 909 2310 ulciscitur
940 2259 1203 2310 considera
1235 2275 1348 2309 curn
1381 2259 1636 2326 indulget;
1671 2260 1888 2325 repende
1920 2260 2129 2310 austeri-

268 2346 366 2395 tati
398 2345 680 2397 lenitatem.
724 2363 842 2398 cum
872 2352 1148 2413 utrumque
1189 2347 1487 2399 conueneris
1527 2347 1575 2397 in
1620 2350 1858 2409 creatore,
1899 2346 2128 2398 inuenies

269 2432 320 2483 in
355 2448 413 2484 eo
448 2438 500 2485 et
530 2435 676 2494 illud,
710 2438 919 2502 propter
949 2436 1084 2502 quod
1119 2435 1334 2486 alterum
1370 2436 1521 2486 deum
1556 2435 1733 2486 credis.
1765 2435 1883 2486 ueni
1917 2435 2129 2500 denique

273 2521 336 2570 ad
402 2522 831 2590 inspectationem
895 2524 1238 2575 doctrinarum
1302 2524 1688 2589 disciplinarum
1750 2526 2130 2589 praeceptorum
2159 2546 2203 2578 25

272 2610 710 2677 consiliorumque
744 2612 870 2663 eius.
913 2612 1050 2663 dices
1082 2612 1293 2663 forsitan
1327 2611 1450 2662 haec
1484 2612 1635 2662 etiam
1669 2611 1904 2661 humanis
1930 2610 2132 2677 legibus

274 2697 618 2749 determinari.
683 2700 772 2751 sed
815 2703 930 2751 ante
972 2701 1236 2768 Lycurgos
1278 2702 1329 2750 et
1369 2699 1583 2751 Solonas
1624 2715 1799 2750 omnes
1838 2699 2042 2765 Moyses
2084 2701 2134 2748 et

275 2787 418 2838 deus.
482 2788 623 2838 nulla
669 2788 947 2854 posteritas
996 2804 1091 2839 non
1143 2805 1170 2838 a
1215 2788 1507 2853 primordiis
1557 2787 1758 2853 accipit.
1819 2788 1987 2837 tamen
2036 2801 2132 2837 non

423 2946 463 3001 7]
499 2945 551 2987 cf.
576 2945 736 2988 Matth.
763 2946 801 3002 5,
827 2947 896 2989 45.
983 2947 1053 3002 12]
1082 2946 1135 2989 cf.
1161 2946 1297 2990 Exod.
1322 2947 1389 2995 33,
1421 2947 1486 2989 11.
1574 2946 1644 3000 13]
1673 2945 1724 2987 cf.
1753 2944 1826 2989 Os.
1854 2946 1892 2998 6,
1926 2945 1970 2995 6;
2003 2943 2132 2985 Prou.

275 3020 346 3072 21,
379 3020 417 3061 3.
514 3019 581 3074 14]
617 3019 669 3062 cf.
702 3019 795 3062 Ion.
829 3021 868 3074 3,
904 3020 968 3063 101
1064 3021 1132 3075 15]
1168 3021 1219 3063 cf.
1252 3020 1344 3062 1111
1377 3020 1485 3075 Reg.
1519 3019 1588 3069 20,
1622 3020 1748 3062 3-5.
1842 3018 1909 3073 16]
1946 3018 1997 3062 cf.
2025 3018 2135 3059 Dan.

274 3093 317 3148 4,
350 3093 419 3135 33
455 3093 507 3134 cf.
540 3093 560 3135 Ι
593 3094 699 3148 Reg.
737 3094 803 3144 14,
836 3095 904 3136 39.
998 3094 1066 3149 17]
1094 3094 1147 3136 cf.
1174 3095 1193 3135 1
1218 3095 1325 3148 Re'g.
1352 3094 1418 3143 14,
1443 3095 1513 3136 45.
1600 3092 1671 3148 18]
1697 3091 1749 3133 cf.
1774 3091 1820 3133 II
1841 3091 1949 3145 ch.
1977 3090 2041 3143 12,
2070 3091 2135 3132 13.

334 3182 508 3232 3itaR,
527 3184 675 3237 itaque
687 3183 747 3225 M
794 3185 884 3226 5ut
898 3183 1060 3225 addidi
1114 3183 1331 3238 7pluente
1347 3178 1872 3237 scripsi.·p1uentemMR
1947 3177 2136 3220 faciente

273 3256 454 3310 scripsi.-
477 3256 712 3299 facientem
730 3256 829 3299 MR
907 3258 958 3299 10
973 3258 1089 3311 <eo>
1103 3256 1340 3311 inscriptus
1356 3257 1466 3310 fort.
1546 3255 1596 3297 11
1623 3255 1707 3296 erit
1721 3254 1829 3295 haec
1848 3257 1920 3302 (sc.
1942 3251 2134 3302 bonitas)

277 3334 322 3371 et
343 3330 440 3385 ipsa
454 3331 566 3382 fort.
653 3331 706 3372 14
732 3330 1000 3373 destinatum
1027 3333 1110 3372 iam
1137 3331 1204 3379 M,
1229 3331 1314 3372 iam
1342 3329 1607 3371 destinatum
1635 3326 1825 3381 Ruulyo
1910 3325 1960 3367 16
1985 3324 2135 3380 babyl-

275 3403 388 3445 lonis
420 3403 480 3445 M
552 3404 603 3446 18
636 3405 797 3459 populo
830 3403 904 3454 123,
938 3404 1090 3459 populi
1121 3403 1238 3446 „MR1
1329 3403 1383 3444 20
1415 3401 1578 3444 refouit
1615 3401 1677 3455 (re
1708 3414 1741 3444 s.
1774 3414 1818 3441 u.
1853 3413 1880 3441 a
1910 3412 1964 3440 m.
2004 3398 2044 3453 1)
2084 3397 2144 3438 M

277 3477 328 3518 21
365 3478 535 3532 optumi
560 3478 620 3519 M
696 3478 751 3519 22
783 3481 888 3520 nota
916 3477 997 3520 θεῖ
1077 3478 1132 3519 24
1159 3476 1276 3532 quod
1307 3475 1413 3518 Urs.-
1445 3479 1571 3530 quem
1596 3474 1695 3516 MR
1776 3473 1830 3515 27
1855 3473 2062 3527 lygurgos
2085 3470 2144 3512 M
