2248 3646
273 210 376 260 502
651 204 839 257 Quinti
873 206 1103 261 Septimi
1134 207 1411 250 Florentis
1445 210 1779 256 Tertulliani

268 366 634 419 municationis
689 367 934 433 reliquae.
991 367 1035 419 si
1084 369 1219 419 661111
1267 368 1618 422 inhumanitas
1667 375 1718 424 et
1762 374 2146 442 inhospitalitas

267 457 463 507 nullam
504 455 563 506 ab
607 470 664 506 eo
704 455 958 506 relaturae
1000 459 1121 507 sunt
1151 456 1421 520 ultionem,
1463 459 1546 510 cui
1576 461 1651 512 rei
1683 464 1972 528 praemittit
2001 467 2147 518 testi-

265 543 576 605 ficationem,
638 543 803 593 minas
865 542 1047 608 utique
1101 544 1534 609 portendentem?
1594 564 1744 613 porro
1810 566 1926 603 cum
1990 554 2146 605 etiam

264 632 465 683 creator
515 629 566 680 in
621 630 1023 682 Deuteronomio
1078 631 1403 683 Ammonitas
1460 636 1511 685 et
1562 635 1821 690 Moabitas
1876 641 2145 706 prohibeat

262 718 423 786 'recipi
445 719 497 770 in
531 719 819 781 ecclesiam,
846 718 984 784 quod
1007 720 1260 785 populum
1283 720 1523 788 Aegypto
1544 724 1834 788 profectum
1866 726 2141 780 inhumane
2195 748 2215 779 5

265 809 317 859 et
362 806 747 874 inhospitaliter
786 806 949 873 copiis
996 807 1405 872 defraudassent,
1455 825 1574 878 ergo
1621 806 1671 862 in
1715 810 1979 865 Christum
2025 816 2141 868 inde

262 911 499 947 manasse
561 894 819 946 constabit
880 894 1360 947 communicationis
1423 895 1775 962 interdictum,
1838 901 1927 952 ubi
1987 903 2143 955 habet

260 983 495 1034 formam.
531 983 634 1049 qui
665 998 773 1034 uos
808 984 1072 1049 spernet,
1106 998 1196 1034 me
1230 986 1492 1049 spernet.
1521 984 1619 1037 hoc
1645 989 1696 1038 et
1718 986 1891 1055 Moysi
1917 994 2137 1043 creator:

260 1087 375 1123 non
415 1074 475 1122 te
509 1072 1028 1135 contempserunt,
1063 1071 1169 1122 sed
1199 1087 1308 1122 me.
1341 1074 1448 1123 tam
1475 1073 1608 1124 enim
1634 1076 1901 1141 apostolus
1929 1077 2137 1145 Moyses

260 1176 413 1226 quam
447 1171 498 1211 et
529 1159 754 1226 apostoli
784 1159 1079 1226 prophetae.
1114 1159 1378 1225 aequanda
1408 1162 1517 1212 erat
1549 1163 1828 1215 auctoritas
1860 1166 2134 1234 utriusque
2168 1185 2209 1216 10

261 1248 418 1300 officii
473 1249 534 1300 ab
583 1264 684 1299 uno
734 1247 1014 1315 eodemque
1077 1247 1284 1300 (1616166
1349 1249 1699 1314 apostolorum
1760 1255 1811 1303 et
1864 1254 2135 1321 propheta-

257 1354 386 1388 rum.
471 1336 598 1401 Quis
638 1351 773 1388 nunc
814 1336 956 1387 dabit
993 1338 1307 1402 potestatem
1349 1337 1578 1394 calcandi
1618 1353 1774 1404 super
1812 1339 2051 1394 colubros
2084 1346 2135 1396 et

258 1424 521 1491 scorpios?
561 1427 801 1475 utrumne
842 1423 1071 1476 omnium
1113 1424 1413 1475 animalium
1453 1425 1690 1476 dominus
1741 1443 1802 1478 an
1848 1444 1940 1480 nec
1979 1430 2131 1482 unius

255 1513 478 1564 lacertae
518 1512 677 1564 deus?
725 1512 816 1565 sed
855 1513 1000 1573 bene,
1043 1513 1179 1578 quod
1220 1514 1416 1564 creator
1454 1513 1583 1564 hanc
1621 1518 1933 1579 potestatem
1976 1518 2129 1569 etiam

254 1601 488 1667 paruulis
548 1599 720 1668 pueris
783 1616 872 1666 per
916 1599 1123 1650 Esaiam
1183 1599 1492 1665 repromisit,
1544 1601 1774 1652 conicere
1820 1618 2030 1655 manum
2077 1606 2127 1656 in
2162 1624 2202 1656 15

257 1705 525 1741 cauernam
566 1689 801 1755 aspidum
845 1690 896 1739 et
933 1689 984 1738 in
1026 1688 1194 1739 cubile
1234 1690 1471 1739 natorum
1512 1688 1750 1755 aspidum
1789 1706 1881 1741 nec
1922 1692 2126 1745 omnino

254 1777 406 1829 laedi.
448 1782 499 1830 et
536 1777 715 1843 utique
757 1777 952 1828 scimus
993 1807 1060 1812 -—
1103 1777 1248 1827 salua·
1287 1776 1622 1841 simplicitate
1662 1778 1961 1844 scripturae,
2008 1795 2126 1831 nam

250 1883 343 1918 nec
385 1869 435 1918 et
471 1868 617 1934 ipsae
656 1866 854 1917 bestiae
892 1880 1074 1917 nocere
1107 1866 1363 1931 poterunt,
1405 1864 1495 1915 ubi
1527 1865 1653 1917 fides
1693 1866 1850 1918 fuerit
1887 1897 1957 1903 —
1997 1868 2122 1935 figu-

249 1957 357 2006 rate
399 1956 630 2021 scorpios
672 1956 723 2005 et
762 1953 1000 2005 colubros
1041 1952 1277 2019 portendi
1319 1952 1571 2019 spiritalia
1610 1953 1854 2017 malitiae,
1904 1971 2122 2021 quorum

248 2044 359 2109 ipse
386 2059 590 2110 quoque
615 2044 853 2109 princeps
881 2042 931 2092 in
966 2040 1214 2106 serpentis
1250 2042 1301 2092 et
1333 2040 1566 2092 draconis
1601 2044 1651 2092 et
1682 2043 2119 2096 eminentissimae
2151 2062 2192 2094 20

251 2131 503 2198 cuiusque
543 2130 738 2182 bestiae
777 2129 981 2181 nomine
1023 2128 1301 2195 deputetur
1338 2144 1493 2194 penes
1536 2131 1833 2192 creatorem,
1872 2131 2116 2199 largitum

248 2220 379 2272 hanc
411 2223 724 2287 potestatem
756 2218 911 2286 priori
939 2217 1141 2270 Christo
1176 2233 1287 2281 SUO,
1322 2217 1457 2268 sicut
1488 2218 1853 2284 nonagesimus
1885 2220 2118 2285 psalmus

249 2308 312 2359 ad
352 2324 493 2359 eum:
547 2323 728 2374 super
776 2306 1048 2373 aspidem
1097 2307 1155 2356 et
1193 2304 1558 2356 basiliscum
1598 2305 1848 2358 incedes
1891 2310 1949 2358 et
1990 2323 2119 2358 con·

249 2397 526 2449 culcabis
574 2397 812 2448 leonem
861 2398 919 2446 et
967 2394 1303 2455 draconem,
1363 2393 1498 2443 sicut
1546 2393 1700 2444 etiam
1747 2393 1952 2445 Esaias:
2006 2395 2116 2446 illa

247 2487 343 2538 die
400 2484 778 2553 superducet
833 2483 1113 2534 dominus
1176 2481 1322 2533 deus
1386 2481 1763 2533 machaeram
1826 2485 2112 2548 sanctam,
2147 2501 2185 2532 25

245 2591 522 2642 magnam
563 2576 621 2625 et
658 2574 898 2634 fortem,
942 2570 1204 2623 Christum
1246 2570 1444 2620 scilicet
1484 2585 1652 2632 suum,
1699 2570 1756 2620 in
1799 2570 2112 2627 draconem

244 2662 439 2725 illum,
482 2662 802 2714 colubrum
841 2675 1122 2728 magnum
1164 2661 1220 2709 et
1259 2660 1624 2719 tortuosum,
1674 2659 1732 2708 et
1770 2658 2114 2711 interficiet

244 2767 376 2802 eum
416 2750 530 2801 illa
570 2750 682 2800 die.
718 2748 807 2801 sed
842 2750 893 2799 et
926 2745 1234 2798 cumidem:
1270 2746 1370 2796 uia
1410 2746 1629 2796 munda
1668 2748 1726 2795 et
1764 2748 1863 2797 uia
1903 2752 2114 2799 sancta

388 2851 434 2906 4]
469 2850 521 2895 cf.
556 2851 688 2893 Dent.
719 2850 788 2900 23,
821 2850 861 2892 3.
968 2848 1010 2903 8]
1043 2847 1149 2890 Luc.
1186 2847 1252 2898 10,
1289 2847 1354 2890 16.
1461 2846 1502 2901 9]
1537 2846 1557 2888 Ι
1589 2847 1694 2901 Reg.
1729 2846 1772 2896 8,
1805 2848 1843 2889 7.
1953 2849 2020 2904 12]
2057 2848 2110 2892 cf.

240 2925 345 2967 Luc.
380 2924 448 2975 10,
484 2925 549 2966 19.
644 2924 714 2979 15]
749 2922 802 2965 cf.
834 2923 905 2965 Es.
943 2922 1009 2976 11,
1042 2921 1167 2963 8-69.
1269 2919 1341 2975 23]
1374 2919 1444 2963 Ps.
1481 2919 1548 2973 90,
1584 2920 1650 2962 13.
1749 2920 1823 2975 24]
1858 2920 1933 2962 Es.
1968 2922 2036 2972 27,
2074 2923 2110 2964 1.

241 2997 312 3054 28]
345 2998 417 3040 Es.
451 2997 519 3049 35,
552 2996 678 3039 8-9.

298 3087 323 3127 4
357 3086 618 3128 ammanitas
643 3084 703 3126 M
727 3086 770 3138 (a
805 3084 886 3127 alt.
916 3097 969 3126 em
1001 3096 1024 3124 0
1059 3096 1087 3124 (ι
1110 3096 1163 3123 m.
1190 3085 1229 3134 1>
1294 3081 1318 3123 6
1353 3080 1691 3123 defraudassent
1716 3080 1768 3131 R,
1804 3080 2110 3124 defraudasset

239 3159 345 3202 MF
429 3160 454 3202 8
487 3161 664 3215 spernet
694 3157 754 3200 M
780 3158 898 3212 (bis),
930 3156 1099 3212 spernit
1121 3155 1317 3210 Ruulyo
1349 3155 1449 3211 (bis)
1543 3154 1595 3197 10
1629 3156 1723 3196 erat
1745 3155 1871 3210 Eny:
1902 3155 1985 3197 erit
2008 3155 2108 3199 MR

240 3234 295 3277 14
316 3233 517 3286 ¹lacertae
549 3246 631 3275 om.
663 3231 728 3275 R1
848 3232 900 3272 15
939 3229 1136 3285 paruulis
1175 3228 1320 3283 pueris
1352 3227 1420 3280 M,
1460 3227 1653 3282 paruulis
1686 3228 1879 3283 puerulis
1909 3228 1965 3282 R,
1998 3242 2103 3283 pue·

237 3307 344 3350 rulis
374 3305 423 3349 F
532 3306 583 3348 17
617 3306 777 3348 scimus
802 3304 860 3358 R,
892 3304 1079 3346 sciemus
1103 3301 1218 3352 MF,
1243 3301 1429 3343 sciamus
1454 3300 1558 3356 Eny
1662 3301 1714 3343 18
1746 3303 1953 3356 poterunt
1976 3301 2103 3356 Eny:

236 3382 476 3435 potuerunt
513 3378 614 3422 MR
760 3378 815 3420 20
854 3376 1197 3418 immanissimae
1242 3374 1515 3425 Ciacconius‚
1556 3373 1965 3416 imminentissimae
1995 3374 2099 3429 Eny

234 3453 290 3497 28
321 3454 400 3498 sed
432 3456 475 3497 et
504 3453 572 3503 M,
605 3451 682 3494 sed
712 3452 754 3495 R
872 3450 987 3492 idem
1015 3448 1187 3504 <dicit>
1215 3461 1335 3503 susp.
1366 3448 1468 3503 Enq
