2248 3646
187 260 289 311 558
561 254 751 307 Quinti
786 251 1013 309 Septimi
1045 254 1322 297 Florentis
1355 254 1688 298 Tertulliani

188 418 311 469 adeo
344 418 512 484 legem
547 418 599 466 et
628 415 903 481 prophetas
937 429 1035 464 non
1069 414 1383 475 destruebat,
1417 429 1534 466 cum
1569 431 1696 481 quae
1728 416 2051 483 praedicane-

186 509 299 556 rant
324 503 589 556 confirmat
614 502 787 569 perfici
813 508 1058 567 oportere.
1171 501 1355 553 Adhuc
1379 501 1569 569 ingerit
1592 518 1690 554 non
1715 505 2051 556 transiturum

189 593 386 646 caelum
415 608 471 643 ac
496 594 700 653 terram,
735 590 835 641 nisi
869 590 1039 641 omnia
1070 593 1393 657 peragantur.
1421 606 1669 655 quaenam
1695 591 1827 642 ista‘?
1857 593 1900 642 si
1926 608 2052 658 quae

191 699 217 732 a
243 682 468 733 creatore
495 683 615 731 sunt
639 678 998 745 (praedicata),
1018 678 1201 729 merito
1230 678 1561 729 sustinebunt
1585 679 1837 730 elementa
1863 680 2055 731 domini

191 769 272 822 sui
305 768 533 820 ordinem
568 767 810 834 expungi:
846 766 890 818 si
924 781 1052 832 quae
1086 782 1113 816 a
1146 765 1238 818 deo
1274 765 1485 831 optimO,
1513 767 1683 818 nescio
1710 781 1771 818 an
1799 767 2053 819 sustineat
2106 786 2124 816 5

193 857 389 909 caelum
435 859 486 908 et
523 859 658 907 terra
695 854 872 921 perfici
913 868 1041 920 quae
1084 853 1316 905 aemulus
1360 854 1560 905 statuit.
1608 854 1703 905 hoc
1751 856 1794 907 si
1834 856 2058 921 patietur

194 948 406 1007 creator,
462 943 654 994 zelotes
703 942 827 994 deus
876 957 975 993 non
1023 944 1113 993 est.
1169 944 1396 992 transeat
1442 957 1535 1008 age
1580 958 1713 993 nunc
1761 945 1959 994 caelum
2008 947 2058 995 et

190 1035 343 1094 terra,
385 1061 455 1068 —-
496 1030 569 1082 sic
610 1030 744 1081 enim
785 1029 1022 1081 dominus
1064 1044 1239 1080 eorum
1274 1028 1554 1080 destinauit
1585 1060 1653 1066 ——
1688 1030 1807 1081 dum
1841 1032 2057 1082 uerbum

194 1118 303 1171 eius
343 1121 547 1170 maneat
585 1118 635 1169 in
676 1133 879 1178 aeuum,
921 1147 990 1153 —
1031 1117 1104 1167 sio
1146 1116 1279 1167 enim
1313 1119 1363 1168 et
1394 1117 1571 1170 Esaias
1604 1118 1957 1183 pronuntiauit
1989 1151 2056 1156 ——

193 1206 570 1258 admoneantur
629 1207 678 1256 et
742 1203 997 1269 discipuli,
1058 1220 1124 1255 ne
1190 1204 1425 1269 quando
1488 1209 1819 1272 grauentur
1879 1207 2058 1259 corda
2088 1225 2130 1256 10

194 1309 371 1346 eorum
429 1293 676 1359 crapula
725 1295 783 1343 et
839 1292 1143 1343 ebrietate
1193 1295 1250 1343 et
1298 1293 1728 1345 saecularibus,
1781 1294 1943 1346 curis
2002 1297 2059 1346 et

193 1382 454 1434 insistat
494 1381 566 1433 eis
606 1381 966 1447 repentinus
1010 1379 1138 1431 dies
1180 1379 1288 1430 ille
1338 1381 1510 1431 uelut
1557 1382 1830 1448 laquem,
1878 1383 2058 1448 utique

197 1471 372 1523 oblitis
416 1470 566 1522 deum
610 1486 666 1521 ex
713 1469 1030 1536 plenitudine
1079 1472 1129 1520 et
1177 1469 1487 1536 cogitatione
1536 1470 1713 1521 mundi
1752 1501 1822 1506 —-
1861 1471 2061 1537 Moysei

196 1561 293 1611 erit
317 1559 599 1610 admonitio
625 1576 718 1608 —:
747 1558 868 1609 adeo
895 1558 940 1609 is
966 1557 1204 1609 liberabit
1229 1573 1255 1607 a
1279 1558 1461 1624 laqueo
1496 1558 1594 1609 diei
1624 1558 1785 1620 illius,
1813 1559 1901 1625 qui
1932 1559 2061 1610 hano

197 1647 594 1699 admonitionem
622 1650 752 1698 retro
779 1646 971 1697 intulit.
1086 1646 1242 1695 Erant
1262 1649 1311 1696 et
1328 1646 1441 1697 loca
1466 1647 1566 1697 alia
1582 1646 1716 1712 apud
1734 1646 2060 1698 Hierusalem
2091 1661 2132 1694 15

198 1736 265 1786 ad
301 1735 606 1797 docendum,
649 1736 788 1785 erant
829 1736 878 1784 et
919 1739 1055 1783 extra
1093 1733 1421 1785 Hierusalem
1462 1734 1523 1784 ad
1565 1733 1924 1786 secedendum.
1973 1734 2062 1786 sed

199 1824 332 1874 enim
374 1839 463 1890 per
503 1823 637 1874 diem
677 1823 727 1872 in
766 1822 960 1888 templo
1004 1821 1235 1883 docebat,
1285 1824 1344 1871 ut
1384 1822 1470 1887 qui
1507 1838 1596 1887 per
1636 1821 1767 1873 Osee
1807 1822 2061 1889 praedixe-

199 1916 298 1962 rat:
338 1911 395 1961 in
436 1911 662 1977 templo
704 1926 829 1961 meo
873 1926 960 1960 me
1001 1910 1368 1961 inuenerunt
1409 1912 1466 1961 et
1503 1909 1639 1961 illic
1680 1909 2062 1976 disputatum

202 2002 298 2051 est
336 1998 405 2050 ad
447 2014 565 2057 eos,
607 1997 670 2049 ad
707 2001 911 2049 noctem
949 2013 1071 2048 uero
1111 1997 1161 2047 in
1203 1998 1463 2049 elaeonem
1495 1997 1789 2058 secedebat3
1826 1997 1899 2049 sio
1931 1998 2066 2049 enim

204 2086 477 2138 Zacharias
520 2085 920 2137 demonstrarat:
971 2088 1028 2136 et
1074 2085 1324 2136 stabunt
1369 2085 1553 2151 pedes
1594 2084 1725 2136 eius
1764 2085 1822 2137 in
1864 2088 2064 2137 monte
2095 2100 2137 2133 20

203 2175 432 2226 elaeon.
490 2177 632 2226 erant
671 2174 825 2225 horae
875 2188 1075 2239 quoque
1123 2173 1375 2225 auditorio
1425 2176 1796 2239 competentes;
1838 2173 2065 2225 diluculo

203 2261 611 2314 conueniendum
652 2264 775 2324 erat,
818 2261 938 2326 quia
975 2277 1064 2326 per
1101 2261 1306 2312 Esaiam
1350 2276 1466 2312 oum
1506 2260 1737 2312 dixisset:
1786 2260 2063 2313 dominus

204 2350 308 2402 dat
352 2349 501 2401 mihi
547 2349 820 2416 linguam
870 2348 1257 2414 disciplinae,
1314 2348 1521 2399 adiecit:
1581 2348 1871 2414 adposuit
1919 2348 2060 2406 mihi

202 2453 372 2489 mane
415 2453 618 2489 aurem
658 2436 726 2487 ad
775 2436 1161 2489 audiendum.
1212 2437 1253 2488 si
1293 2437 1390 2488 hoc
1430 2439 1510 2488 est
1546 2436 1842 2504 prophetias
1884 2435 2064 2487 dissol-

202 2542 342 2591 uere,
382 2525 503 2592 quid
546 2525 641 2577 erit
681 2524 993 2592 adimplere?
2095 2540 2136 2572 25

348 2655 394 2710 2]
429 2653 481 2697 cf.
514 2654 619 2697 Luc.
645 2655 713 2708 21,
739 2654 923 2698 32—33.
987 2651 1199 2709 7—9]‘cf.
1218 2653 1326 2702 Luc.
1354 2653 1422 2705 21,
1447 2654 1524 2704 33;
1549 2652 1707 2696 Matth.
1734 2652 1802 2703 24,
1829 2653 1906 2702 35;
1930 2652 2063 2695 Marc.

208 2729 274 2779 13,
301 2727 370 2770 31.
434 2727 478 2782 8]
498 2727 552 2770 cs.
573 2726 646 2769 Es.
671 2726 742 2779 51,
767 2726 805 2768 6.
882 2726 928 2781 9]
956 2725 1009 2768 of.
1034 2726 1108 2768 Es.
1130 2726 1199 2775 40,
1225 2726 1265 2768 8.
1343 2726 1414 2781 10]
1441 2726 1543 2768 Luc.
1562 2726 1631 2780 21,
1649 2725 1834 2769 34-35
1912 2725 1983 2780 13]
2012 2724 2064 2767 cf.

204 2801 339 2844 Deut.
371 2801 411 2851 8,
447 2800 630 2845 11-14,
739 2800 810 2855 15]
846 2799 898 2842 cf.
930 2800 1034 2842 Luc.
1066 2800 1136 2851 21,
1168 2799 1353 2841 37—38.
1461 2799 1532 2854 18]
1568 2798 1641 2841 Os.
1676 2798 1742 2853 12,
1774 2800 1814 2841 4.
1907 2797 1977 2853 19]
2011 2796 2063 2839 of.

206 2874 312 2916 Luc.
344 2874 413 2925 21,
447 2874 517 2916 37.
622 2873 693 2928 20]
727 2872 853 2915 Zach.
890 2873 954 2922 14,
987 2873 1026 2915 4.
1126 2873 1199 2928 21]
1233 2872 1285 2915 cf.
1318 2872 1421 2914 Luc.
1453 2872 1522 2926 21,
1555 2871 1624 2914 38.
1714 2871 1786 2926 22]
1817 2870 1892 2913 Es.
1924 2871 1991 2921 50,
2023 2871 2062 2912 4.

266 2963 286 3004 1
323 2975 420 3004 cum
452 2974 563 3017 quae
594 2960 652 3014 R,
686 2974 869 3015 cumque
893 2960 997 3003 MF
1080 2961 1107 3002 4
1139 2962 1242 3002 sunt
1270 2959 1585 3016 <praedicata>
1613 2959 1792 3014 scripsi:
1822 2960 1924 3000 sunt
1953 2957 2063 3008 MF,

205 3035 318 3077 fiunt
342 3034 397 3090 R,
427 3047 578 3077 uocem
602 3037 705 3076 sunt
730 3034 866 3077 deleri
890 3034 991 3077 uult
1011 3035 1127 3089 Eny,
1159 3047 1211 3076 ex
1236 3033 1591 3076 antecedentibus
1618 3032 1829 3087 supplens
1850 3044 2065 3086 peragan-

205 3110 288 3150 tur*
397 3108 420 3150 7
453 3107 622 3150 caelum
656 3111 699 3150 et
728 3109 846 3149 terra
876 3107 942 3157 M,
974 3109 1092 3150 'terra
1123 3110 1168 3149 et
1199 3107 1365 3149 caelum
1396 3106 1591 3160 Runlyo
1724 3105 1749 3147 8
1772 3103 2066 3158 parenthesin

204 3179 415 3223 indicaui
445 3184 487 3222 et
515 3180 587 3223 hic
618 3183 659 3223 et
687 3180 818 3235 infra
937 3181 962 3223 9
993 3179 1299 3235 pronuntiauit
1330 3178 1463 3229 MR1,
1495 3178 1824 3233 praenuntiauit
1853 3175 1916 3219 12³
1930 3176 2064 3231 uulqo

208 3253 261 3295 13
293 3251 458 3295 mundi.
490 3251 633 3307 Moysi
663 3253 799 3307 uulyo
883 3252 1177 3307 parenthesin
1206 3251 1413 3294 indicaui
1507 3250 1676 3306 moysei
1706 3249 1818 3299 ΜΕ,
1849 3248 1991 3303 Moysi
2022 3247 2066 3290 R

205 3326 342 3382 aalyo
435 3326 491 3369 14
534 3325 743 3368 liberabit
788 3324 863 3377 13³,
910 3325 1116 3367 liberauit
1160 3323 1287 3369 ΜΒΓ
1381 3324 1437 3367 20
1481 3327 1629 3366 monte
1674 3323 1731 3376 R,
1776 3324 1969 3364 montem
2009 3320 2067 3362 M

208 3400 259 3440 21
296 3399 446 3441 elaeon
480 3400 551 3453 (Ξ
584 3402 666 3439 τῶν
700 3397 870 3451 ἐλαιῶν)
901 3398 1026 3453 Eny:
1058 3397 1234 3440 elaeone
1266 3397 1367 3440 MR
1479 3398 1533 3438 22
1566 3396 1669 3451 quia
1699 3395 1764 3438 ed.
1797 3394 2064 3450 Miqniana:

209 3472 282 3527 qui
313 3470 414 3514 MR
