2248 3646
553 290 647 331 VII.
678 290 941 331 Aduersus
972 289 1282 330 Marcionem
1312 288 1384 329 lib.
1409 288 1474 329 ΙΙΙ
1506 289 1680 331 13—14.
1917 293 2016 341 399

218 448 417 497 femur.
488 447 574 496 sed
628 446 746 511 quid
800 460 948 509 supra
998 446 1126 510 legis
1188 445 1245 493 de
1308 444 1535 495 Christo?
1611 446 2013 509 tempestiuus

219 532 422 581 decore
468 534 703 595 praeter
747 530 913 580 filios
960 530 1272 589 hominum,
1325 529 1520 578 effusa
1572 533 1661 578 est
1714 531 1906 595 gratia
1957 530 2009 578 in

217 616 393 665 labiis
431 616 567 665 tuis.
621 615 773 675 ride0,
815 614 872 673 si,
913 629 1059 678 quem
1099 614 1158 662 ad
1197 613 1384 662 bellurn
1423 629 1539 663 ense
1586 614 1837 679 cingebat,
1873 614 1917 662 ei
1955 614 2013 662 de

213 701 605 764 tempestiuitate
631 699 822 748 decoris
854 700 903 748 et
932 698 1174 748 labiorum
1208 698 1366 763 gratia
1397 697 1756 748 blandiebatur.
1792 698 1862 748 sic
1892 699 2011 748 item

168 805 187 833 5
217 786 546 849 subiungens:
574 786 630 833 et
653 783 895 833 extende
922 785 976 831 et
1000 797 1348 847 prosperare
1374 785 1429 832 et
1451 798 1642 848 regna,
1663 783 1864 833 adiecit:
1890 798 2013 846 pro-

212 874 340 934 pter
370 870 683 919 ueritatem
723 871 779 918 et
815 868 1124 917 lenitatem
1159 870 1215 916 et
1243 867 1558 919 iustitiam.
1591 869 1701 930 quis
1735 868 1864 918 enim
1896 883 2011 917 ense

213 956 316 1019 <ea>
361 955 640 1018 operabitur
685 956 734 1003 et
770 969 864 1002 non
904 953 1145 1002 contraria
1181 952 1366 1016 potius,
1407 952 1574 1002 dolum
1615 955 1662 1001 et
1693 953 2009 1016 asperitatem

215 1043 263 1089 et
298 1039 613 1099 iniustitiam,
658 1038 855 1101 propria
900 1037 1094 1086 scilicet
1131 1037 1332 1102 negotia
1368 1037 1703 1100 proeliorum?
1750 1038 2008 1087 uideamus

212 1139 344 1188 ergo,
391 1140 447 1172 an
503 1123 629 1172 alius
678 1123 744 1172 sit
787 1122 918 1172 ensis
962 1122 1064 1182 1110,
1121 1122 1261 1171 cuius
1309 1122 1435 1171 alius
1483 1125 1560 1172 est
1604 1125 1758 1172 actus
1811 1138 1922 1172 nam
1963 1128 2012 1173 et

142 1228 180 1258 ιο
211 1210 463 1272 apostolus
502 1209 745 1259 Iohannes
782 1208 830 1257 in
869 1207 1169 1271 Apocalypsi
1209 1222 1376 1256 ensem
1422 1207 1661 1257 describit.
1704 1223 1758 1257 ex
1805 1224 1884 1258 ore
1931 1209 2009 1257 dei

208 1293 547 1358 prodeuntem,
593 1293 670 1342 bis
711 1294 929 1352 acutum,
974 1295 1313 1355 praeacutum,
1360 1307 1506 1356 quem
1551 1292 1776 1357 intellegi
1816 1297 2010 1357 oportet

208 1394 482 1428 sermonem
529 1378 770 1438 diuinum,
816 1377 891 1426 bis
938 1380 1140 1426 acutum
1189 1377 1381 1426 duobus
1426 1379 1740 1427 testamentis
1786 1379 1912 1444 legis
1959 1382 2010 1428 et

207 1463 467 1527 euangelii,
515 1465 715 1511 acutum
756 1462 1013 1526 sapientia,
1058 1462 1297 1511 infestum
1345 1462 1555 1523 diabolo,
1602 1466 1871 1512 armantem
1918 1478 2006 1513 nos

205 1548 443 1596 aduersus
482 1548 650 1597 hostes
690 1546 937 1611 spiritales
976 1547 1226 1610 nequitiae
1266 1550 1315 1596 et
1353 1548 1780 1611 concupiscentiae
1828 1549 2005 1608 oniniS,

137 1651 174 1681 15
203 1634 542 1696 amputantem
582 1633 731 1682 etiam
771 1647 797 1680 a
836 1632 1106 1681 carissimis
1147 1633 1206 1682 ob
1248 1632 1324 1681 dei
1362 1648 1554 1684 nomen.
1617 1633 1793 1696 quodsi
1831 1634 2006 1683 Iohan-

201 1734 312 1766 nem
358 1718 580 1783 agnitum
623 1732 716 1767 non
756 1718 850 1777 uis,
896 1717 1048 1766 habes
1089 1732 1401 1766 communem
1438 1718 1732 1782 magistrum
1772 1719 2003 1779 Paulum,

198 1802 599 1867 praecingentem
643 1802 842 1851 lumbos
888 1804 1083 1851 nostros
1128 1802 1337 1852 ueritate
1384 1805 1433 1851 et
1482 1803 1634 1852 lorica
1677 1804 1900 1853 iustitiae
1957 1807 2006 1853 et

202 1887 488 1937 calciantem
531 1902 618 1936 nos
658 1887 1081 1950 praeparationem
1122 1887 1371 1952 euangelii
1409 1890 1560 1951 paciS,
1606 1904 1701 1938 non
1738 1888 1873 1948 belli,
1921 1889 2000 1938 ad-

199 1987 393 2021 sumere
423 1972 679 2021 iubentem
712 1975 909 2021 scutum
941 1971 1072 2034 fidei,
1112 1973 1161 2021 in
1195 1988 1289 2036 quo
1321 1973 1575 2036 possimus
1615 1974 1779 2023 omnia
1817 1974 2001 2023 diaboli

125 2074 168 2106 020
197 2057 353 2122 ignita
382 2057 480 2107 tela
512 2057 812 2122 extinguere,
853 2060 902 2106 et
933 2058 1123 2123 galeam
1158 2059 1390 2108 salutaris
1430 2068 1479 2108 et
1516 2059 1738 2124 gladium
1777 2059 1999 2124 spiritUS,

198 2142 350 2205 quod
388 2146 491 2204 est,
527 2142 705 2205 inquit,
746 2142 838 2192 dei
878 2158 1082 2194 sermo.
1122 2145 1247 2193 hanc
1279 2146 1330 2193 et
1359 2144 1587 2195 dominus
1626 2145 1733 2209 ipse
1772 2145 1998 2194 machae—

195 2243 299 2276 ram
345 2228 483 2276 uenit
528 2227 726 2276 mittere
777 2228 825 2276 in
878 2232 1076 2287 terram,
1123 2245 1216 2278 non
1263 2244 1448 2292 pacem.
1502 2230 1545 2278 si
1596 2232 1713 2279 tuus
1768 2229 1996 2279 Christus

198 2317 289 2372 est,
328 2328 443 2377 ergo
499 2315 548 2362 et
598 2313 704 2376 ipse
757 2313 969 2362 bellator
1013 2319 1100 2364 est.
1155 2315 1197 2363 si
1234 2315 1446 2364 bellator
1483 2331 1576 2364 non
1624 2325 1715 2375 est,
1770 2316 1996 2365 machae-

192 2412 298 2446 ram
342 2397 588 2447 intentans
636 2398 969 2462 allegoricam,
1028 2399 1171 2449 licuit
1232 2415 1346 2465 ergo
1401 2402 1451 2448 et
1503 2399 1698 2450 Christo
1759 2400 1994 2450 creatoris

123 2502 165 2534 25
194 2481 243 2530 in
281 2481 471 2544 psalmo
513 2482 615 2530 sine
653 2482 848 2532 bellicis
885 2483 1031 2532 rebus
1065 2499 1180 2533 ense
1214 2485 1452 2534 sermonis
1484 2485 1734 2550 praecingi
1765 2485 1992 2550 figuratO,

196 2566 275 2615 cui
307 2566 591 2628 supradicta
621 2567 989 2630 tempestiuitas
1022 2572 1263 2633 congruat
1293 2572 1342 2619 et
1372 2571 1527 2635 gratia
1550 2569 1812 2629 labiorum,
1847 2586 1993 2634 quem

192 2654 310 2699 tunc
347 2650 444 2699 iam
484 2651 774 2716 cingebatur
805 2668 953 2715 super
982 2653 1140 2702 femur
1171 2655 1301 2717 apud
1332 2655 1509 2715 Dauid,
1551 2655 1842 2719 quandoque
1875 2656 1991 2705 mis-

193 2751 339 2786 surus
392 2736 438 2784 in
486 2740 681 2786 terram.
733 2738 825 2787 hoc
880 2742 957 2788 est
1003 2740 1146 2798 enim,
1203 2740 1333 2804 quod
1387 2741 1476 2789 ait:
1533 2744 1588 2789 et
1641 2740 1882 2790 extende
1937 2744 1992 2789 et

333 2873 374 2926 1]
404 2874 471 2914 Ps.
503 2875 570 2923 44,
602 2875 640 2915 3.
714 2876 753 2928 5]
785 2875 855 2919 Ps.
887 2877 953 2926 44,
986 2891 1024 2918 ›
1102 2879 1166 2931 10]
1194 2878 1244 2919 cf.
1268 2878 1398 2932 Apoc.
1434 2881 1496 2931 19,
1522 2880 1593 2928 21;
1629 2879 1679 2920 cf.
1704 2881 1831 2932 Apoe.
1857 2880 1895 2932 2,
1924 2880 1987 2919 12.

195 2943 260 2997 14]
288 2943 338 2984 cf.
364 2944 472 2998 Eph.
498 2946 535 2998 c,
565 2946 626 2988 12.
715 2948 779 3000 15]
806 2947 857 2988 cf.
882 2948 1034 2989 Matth.
1062 2950 1127 2998 19,
1152 2951 1225 3000 293
1248 2950 1375 2990 Marc.
1402 2950 1467 3003 10,
1492 2951 1677 3001 29—303
1702 2951 1801 2991 Luc.
1831 2952 1895 3002 14,
1920 2950 1986 2990 26.

193 3014 375 3067 17-20]
394 3015 443 3055 of.
461 3015 811 3069 Eph2a14-17.
871 3019 1198 3074 21]Eph.6,18.
1259 3021 1310 3062 cf.
1327 3022 1479 3062 Matth.
1500 3022 1563 3073 10,
1577 3022 1643 3063 34.
1703 3021 1986 3075 28]Ps.44‚5.

245 3114 268 3153 6
294 3126 390 3154 ense
411 3116 519 3167 <ea>
540 3117 784 3169 operabitur
797 3118 920 3172 Enq:
937 3119 1101 3171 <haec>
1123 3135 1220 3162 ense
1243 3121 1487 3174 operabitur
1510 3121 1603 3169 Urs,
1628 3134 1699 3175 eqo
1724 3122 1826 3162 olim
1850 3123 1988 3163 locum

185 3184 406 3237 yemellum
427 3192 596 3228 secutus
617 3193 719 3240 post
741 3190 884 3242 potius
909 3191 1115 3232 lacunam
1137 3197 1326 3233 statuere
1347 3193 1484 3245 uolui,
1504 3193 1579 3245 secl
1597 3193 1857 3235 imitatorem
1878 3193 1983 3241 illic,

188 3254 292 3306 quia
320 3255 597 3299 interciderat
628 3272 677 3299 ea
699 3260 790 3300 siue
811 3260 928 3313 haec,
950 3262 1251 3315 interpolandi
1270 3264 1486 3316 neyott'um
1514 3264 1744 3316 suscepisse
1772 3265 1981 3305 uerisimi-

188 3323 275 3364 lius
303 3330 364 3366 est
435 3327 483 3367 1·1
518 3331 712 3369 accutum
735 3330 795 3370 M
863 3331 912 3372 18
944 3334 1308 3387 praeparationem
1333 3334 1440 3387 MF,
1472 3335 1794 3387 praeparatione
1824 3335 1878 3387 R,
1909 3347 1986 3388 per

187 3397 449 3448 parationem
480 3402 548 3450 (2
581 3397 622 3438 ἐν
654 3399 877 3456 ἑτοιμασίᾳ)
897 3404 1008 3455 fort.
1106 3405 1155 3445 19
1187 3419 1405 3459 possumus
1441 3405 1520 3447 Gel
1613 3406 1665 3445 25
1697 3419 1839 3447 ensem
1869 3407 1984 3447 Pam
