2248 3646
242 215 344 266 482
615 209 804 262 Quinti
838 210 1064 267 Septimi
1095 211 1373 254 Florentis
1406 211 1737 254 Tertulliani

242 375 475 439 apertum
524 371 841 438 repromittit
888 371 975 436 qui
1023 370 1176 422 deum
1218 387 1371 422 suum
1411 388 1578 438 usque
1619 373 1784 424 adhuc
1826 374 2113 435 obumbrat,

243 463 528 526 expectanS,
580 459 774 525 opinor,
822 459 964 511 nasci
1010 459 1339 511 Marcionem.
1389 459 1638 512 Venimus
1687 461 1749 512 ad
1806 463 2113 515 constantis-

243 550 431 600 simum
466 549 826 615 argumentum
861 546 1106 609 omnium,
1142 547 1229 613 qui
1263 547 1454 599 domini
1487 548 1815 600 natiuitatem
1839 550 1889 601 in
1918 553 2113 602 contro·

240 636 464 688 uersiam
490 636 741 687 deferunt.
768 637 929 700 ‘ipse,'
952 635 1209 700 inquiunt,
1231 636 1567 687 ‘contestatur
1593 652 1645 687 se
1671 652 1768 688 non
1798 653 1910 689 esse
1936 641 2113 690 natum

242 723 480 775 dicendo:
516 738 675 789 quae
709 722 867 773 mihi
899 724 1105 773 mater
1138 724 1198 773 et
1232 723 1340 789 qui
1372 723 1530 774 mihi
1562 723 1860 777 fratres’?
1885 725 1957 776 ita
1983 742 2113 778 sem-
2164 743 2184 774 5

239 828 330 878 per
355 811 599 863 haeretici
625 813 713 861 aut
735 810 898 861 nudas
925 812 977 861 et
1001 810 1263 876 simplices
1289 826 1445 862 uoces
1472 811 1779 864 coniecturis
1807 829 1905 878 quo
1931 816 2116 867 uolunt

237 900 447 966 rapiunt
478 901 567 950 aut
597 915 776 951 rursus
811 899 1186 951 condicionales
1220 901 1272 950 et
1301 899 1575 951 rationales
1611 900 1964 966 simplicitatis
1999 918 2113 955 con-

239 988 439 1040 dicione
474 972 785 1048 dissoluunt,
818 988 879 1037 ut
910 987 1006 1038 hoc
1038 987 1089 1037 in
1122 988 1253 1039 loco.
1287 1003 1378 1038 nos
1414 989 1663 1039 contrario
1697 988 1916 1041 dicimus
1949 990 2112 1056 primo

237 1092 335 1128 non
377 1075 612 1142 potuisse
653 1075 731 1126 illi
772 1074 1078 1135 adnuntiari,
1123 1075 1260 1142 quod
1298 1077 1463 1126 mater
1504 1078 1554 1127 et
1598 1076 1782 1128 fratres
1831 1077 1941 1129 eius
1989 1078 2112 1131 foris

239 1167 435 1216 starent
461 1167 761 1230 quaerentes
788 1163 963 1214 uidere
991 1180 1125 1227 eum,
1154 1165 1198 1215 si
1223 1165 1365 1215 nulla
1394 1164 1471 1215 illi
1495 1167 1660 1216 mater
1686 1167 1738 1217 et
1768 1166 1949 1219 fratres
1983 1159 2110 1218 nulli
2144 1182 2185 1213 10

237 1253 475 1314 fuissent,
505 1267 633 1319 quos
667 1252 847 1318 utique
879 1254 1028 1303 norat
1061 1252 1147 1318 qui
1181 1252 1524 1315 adnuntiarat,
1558 1254 1646 1304 uel
1677 1256 1812 1305 retro
1847 1257 1995 1306 notos
2028 1256 2114 1305 uel

238 1343 362 1393 tunc
401 1341 591 1392 ibidem
633 1342 944 1407 compertos,
986 1340 1107 1391 dum
1148 1356 1264 1391 eum
1303 1340 1479 1392 uidere
1522 1340 1817 1393 desiderant
1853 1344 1939 1393 uel
1988 1342 2110 1393 dum

237 1429 340 1495 ipsi
370 1430 610 1480 nuntium
642 1429 902 1479 mandant.
938 1428 1001 1480 ad
1032 1428 1160 1479 hanc
1195 1429 1412 1495 primam
1445 1429 1851 1495 propositionem
1885 1432 2112 1482 nostram

239 1517 373 1568 solet
406 1532 463 1567 ex
496 1515 699 1567 diuerso
723 1515 1041 1581 responderi:
1071 1515 1211 1581 ‘quid
1238 1515 1387 1578 enim,
1417 1516 1460 1567 si
1485 1517 1772 1582 temptandi
1799 1518 1963 1585 gratia
1986 1533 2106 1568 nun-

237 1605 426 1656 tiatum
468 1606 547 1655 est
587 1603 684 1655 ei'?
720 1604 811 1655 sed
843 1604 941 1656 hoc
974 1604 1229 1671 scriptura
1261 1620 1359 1656 non
1393 1604 1534 1668 dicit,
1569 1621 1698 1671 quae
1731 1608 1919 1670 quanto
1956 1606 2109 1673 signi·
2141 1619 2184 1651 15

236 1692 388 1744 ficare
417 1692 550 1743 solet
583 1707 640 1743 ex
663 1691 1004 1759 temptatione
1030 1692 1154 1758 quid
1178 1693 1389 1755 factum,
1411 1723 1479 1729 -—
1499 1708 1649 1744 6666
1679 1693 1852 1760 legis
1881 1694 2112 1746 doctor

239 1780 621 1831 adsurrexit
659 1782 997 1845 temptans
1041 1796 1200 1845 eum,
1237 1782 1287 1831 et
1319 1781 1380 1831 de
1413 1780 1598 1832 tributi
1626 1781 2026 1833 consultatione:
2061 1784 2113 1833 et

240 1870 678 1920 accesserunt
725 1867 799 1918 ad
847 1884 984 1919 eum
1024 1868 1372 1919 Pharisaei
1412 1871 1820 1934 temptantes
1862 1885 2001 1920 eum
2041 1900 2107 1908 —

236 1959 397 2019 tanto,
423 1957 513 2007 ubi
544 1973 642 2008 non
676 1956 799 2007 facit
824 1956 1181 2022 temptationis
1207 1956 1537 2020 mentionem,
1563 1973 1661 2009 non
1695 1957 1924 2008 admittit
1946 1960 2109 2025 temp-

236 2045 446 2097 tationis
470 2045 960 2111 interpretationem.
988 2046 1038 2096 et
1067 2048 1240 2096 tamen
1274 2061 1332 2096 ex
1365 2045 1644 2096 abundanti
1677 2061 1858 2097 causas
1891 2047 2109 2112 tempta·
2139 2055 2181 2088 2⁰

234 2134 390 2185 tionis
432 2134 717 2200 expostu10,
760 2133 842 2184 cui
882 2133 955 2184 rei
994 2134 1362 2198 temptauerint
1399 2133 1549 2184 illum
1588 2149 1678 2199 per
1708 2133 2109 2185 nominationem

235 2222 412 2274 matris
455 2224 506 2273 et
544 2222 773 2273 fratrum.
815 2221 875 2283 si,
908 2224 967 2272 ut
1000 2222 1204 2284 scirent,
1239 2225 1457 2274 natusne
1491 2225 1630 2274 esset
1663 2237 1723 2272 an
1755 2237 1872 2285 non,
1908 2221 2107 2288 quando

237 2309 297 2361 de
337 2310 434 2362 hoc
465 2310 565 2361 fuit
598 2310 849 2376 quaestiO,
887 2326 1041 2376 quam
1067 2326 1123 2361 ex
1147 2311 1218 2361 ist
1241 2310 1582 2376 temptatione
1610 2310 1964 2362 discuterent?
1991 2309 2108 2376 quis

235 2404 409 2449 autem
442 2398 703 2450 dubitaret
734 2402 914 2450 natum
948 2415 1099 2464 quem
1130 2399 1332 2451 uideret
1362 2398 1663 2451 hominem?
1698 2414 1851 2464 quem
1873 2397 2109 2449 audisset

235 2487 401 2538 filium
451 2503 505 2539 se
551 2487 774 2539 hominis
823 2487 1149 2553 professum?
1189 2503 1344 2554 quem
1385 2487 1445 2538 de
1485 2489 1765 2554 conspectu
1806 2486 1971 2539 omnis
2009 2487 2101 2537 hu·
2134 2493 2176 2527 2⁵

236 2591 416 2628 manae
457 2575 722 2642 qualitatis
765 2575 1024 2627 dubitaret
1062 2576 1212 2627 deum
1256 2578 1346 2627 aut
1385 2573 1551 2626 filium
1594 2575 1675 2627 dei
1724 2574 1947 2636 credere,
1993 2590 2106 2640 pro·

235 2665 424 2729 pheten
454 2663 658 2714 facilius
687 2662 999 2726 existimans,
1033 2663 1159 2715 licet
1183 2679 1428 2730 magnum
1454 2663 1694 2729 aliquem,
1720 2664 1901 2729 utique
1933 2664 2105 2714 tamen

235 2754 450 2803 natum?
476 2751 630 2803 etiam
660 2752 704 2803 si
726 2751 778 2802 in
804 2751 1204 2818 explorationem
1228 2751 1521 2803 natiuitatis
1545 2751 1876 2817 temptandus
1900 2749 2102 2814 fuisset,

236 2838 597 2906 quodcumque
628 2839 771 2890 aliud
810 2842 1172 2907 argumentum
1203 2839 1533 2906 temptationi
1564 2839 1916 2905 competisset,
1951 2855 2104 2905 quam

381 2970 426 3025 5]
460 2969 619 3011 Matth.
655 2969 722 3020 12,
754 2969 824 3013 48.
858 2969 911 3012 61.
943 2969 1049 3013 Luc.
1081 2969 1122 3024 8,
1156 2969 1224 3012 21.
1339 2971 1383 3026 9]
1419 2969 1472 3012 61.
1504 2969 1681 3024 111168,
1712 2968 1782 3012 20.
1895 2968 1966 3024 16]
1998 2966 2103 3011 Luc.

240 3042 307 3094 10,
339 3043 411 3086 25.
503 3044 572 3100 17]
605 3044 763 3086 Matth.
799 3044 865 3094 16,
902 3044 939 3087 1.
1029 3044 1101 3100 27]
1136 3043 1188 3087 61.
1221 3043 1384 3087 Matth.
1417 3044 1487 3097 21,
1518 3044 1587 3086 46.

294 3145 313 3187 1
352 3145 638 3188 obumbrarat
666 3159 783 3200 susp.
817 3145 922 3201 Eny
995 3146 1021 3188 2
1051 3146 1253 3188 uenimus
1284 3145 1342 3196 R,
1374 3145 1576 3188 uenimus
1610 3145 1724 3187 enim
1755 3143 1868 3195 MF,
1901 3143 2102 3186 uenimus

234 3231 351 3260 nunc
380 3217 485 3273 Eny
542 3218 571 3260 4
603 3217 807 3260 deferunt
835 3216 914 3271 R3,
945 3217 1182 3260 defuerunt
1203 3215 1325 3260 MR¹
1385 3218 1410 3260 5
1441 3218 1583 3259 mater
1604 3215 1661 3271 R,
1692 3217 1819 3271 pater
1847 3215 1908 3258 M
1963 3215 1989 3257 6
2016 3228 2100 3270 quo

234 3289 291 3342 R,
328 3289 443 3346 quod
466 3289 573 3332 MF
642 3290 692 3332 11
729 3289 1012 3333 adnuntiaret
1031 3290 1146 3344 fort.
1215 3290 1270 3332 27
1304 3289 1555 3332 existimans
1587 3288 1769 3344 scripsi:
1801 3287 2100 3331 existimantes

234 3364 347 3415 MR,
381 3363 583 3417 defendit
610 3362 728 3419 Eny,
762 3365 840 3419 qui
867 3377 1010 3418 supra
1041 3364 1069 3407 l.
1103 3366 1168 3407 26
1199 3362 1286 3419 leyi
1314 3363 1516 3406 mauult.-
1548 3362 1823 3405 dubitarent
1941 3360 1997 3402 28
2030 3374 2098 3402 ex-

234 3437 527 3493 plorationem
557 3437 718 3492 scripsi
748 3435 822 3494 (cf.
857 3438 884 3481 Z.
919 3438 1022 3492 23):
1057 3437 1355 3495 exploratione
1385 3435 1487 3480 MR
